
<record>
  <leader>05687cas a2201189 i 4500</leader>
  <controlfield tag="001">13748661</controlfield>
  <controlfield tag="005">20200104075647.0</controlfield>
  <controlfield tag="008">041012d19411998ve fr p       0   b0spa  </controlfield>
  <datafield tag="010" ind1=" " ind2=" ">
    <subfield code="a">   49028500 </subfield>
  </datafield>
  <datafield tag="015" ind1=" " ind2=" ">
    <subfield code="a">01442293X</subfield>
    <subfield code="2">dnb</subfield>
  </datafield>
  <datafield tag="016" ind1="7" ind2=" ">
    <subfield code="a">01442293X</subfield>
    <subfield code="2">DE-101</subfield>
  </datafield>
  <datafield tag="016" ind1="7" ind2=" ">
    <subfield code="a">798593-9</subfield>
    <subfield code="2">DE-600</subfield>
  </datafield>
  <datafield tag="016" ind1="7" ind2=" ">
    <subfield code="a">0157667</subfield>
    <subfield code="2">DNLM</subfield>
  </datafield>
  <datafield tag="016" ind1="7" ind2=" ">
    <subfield code="a">M29320000</subfield>
    <subfield code="2">DNLM</subfield>
  </datafield>
  <datafield tag="016" ind1="7" ind2=" ">
    <subfield code="a">011758700</subfield>
    <subfield code="2">Uk</subfield>
  </datafield>
  <datafield tag="022" ind1=" " ind2=" ">
    <subfield code="a">0037-8518</subfield>
    <subfield code="l">0037-8518</subfield>
  </datafield>
  <datafield tag="030" ind1=" " ind2=" ">
    <subfield code="a">SCNSAR</subfield>
  </datafield>
  <datafield tag="035" ind1=" " ind2=" ">
    <subfield code="a">(OCoLC)ocm01641177 </subfield>
  </datafield>
  <datafield tag="040" ind1=" " ind2=" ">
    <subfield code="a">DLC</subfield>
    <subfield code="b">eng</subfield>
    <subfield code="c">MUL</subfield>
    <subfield code="d">COO</subfield>
    <subfield code="d">YUS</subfield>
    <subfield code="d">HUL</subfield>
    <subfield code="d">OCL</subfield>
    <subfield code="d">DLC</subfield>
    <subfield code="d">RCS</subfield>
    <subfield code="d">AIP</subfield>
    <subfield code="d">NST</subfield>
    <subfield code="d">OCLCQ</subfield>
    <subfield code="d">NLM</subfield>
    <subfield code="d">OCLCQ</subfield>
    <subfield code="d">IXA</subfield>
    <subfield code="d">NLGGC</subfield>
    <subfield code="d">WAU</subfield>
    <subfield code="d">OCLCQ</subfield>
    <subfield code="d">HEBIS</subfield>
    <subfield code="d">GEBAY</subfield>
    <subfield code="d">GBVCP</subfield>
    <subfield code="d">OCLCF</subfield>
    <subfield code="d">OCLCO</subfield>
    <subfield code="d">IXA</subfield>
    <subfield code="d">AGL</subfield>
    <subfield code="d">OCLCQ</subfield>
    <subfield code="d">OCLCO</subfield>
    <subfield code="d">CHVBK</subfield>
    <subfield code="d">OCLCO</subfield>
    <subfield code="d">OCLCA</subfield>
    <subfield code="d">UKMGB</subfield>
  </datafield>
  <datafield tag="041" ind1="0" ind2=" ">
    <subfield code="a">spa</subfield>
    <subfield code="b">eng</subfield>
  </datafield>
  <datafield tag="042" ind1=" " ind2=" ">
    <subfield code="a">pcc</subfield>
  </datafield>
  <datafield tag="043" ind1=" " ind2=" ">
    <subfield code="a">s-ve---</subfield>
  </datafield>
  <datafield tag="050" ind1="0" ind2="0">
    <subfield code="a">Q4</subfield>
    <subfield code="b">.S55</subfield>
  </datafield>
  <datafield tag="060" ind1="0" ind2="0">
    <subfield code="a">W1</subfield>
    <subfield code="b">SO186N</subfield>
  </datafield>
  <datafield tag="070" ind1="0" ind2=" ">
    <subfield code="a">516</subfield>
    <subfield code="b">C173</subfield>
  </datafield>
  <datafield tag="082" ind1="0" ind2="4">
    <subfield code="a">506.287</subfield>
  </datafield>
  <datafield tag="110" ind1="2" ind2=" ">
    <subfield code="a">Sociedad de Ciencias Naturales La Salle.</subfield>
  </datafield>
  <datafield tag="210" ind1="1" ind2=" ">
    <subfield code="a">Mem. Soc. Cienc. Nat. La Salle</subfield>
  </datafield>
  <datafield tag="222" ind1=" " ind2="0">
    <subfield code="a">Memoriade la Sociedad de Ciencias Naturales La Salle</subfield>
  </datafield>
  <datafield tag="245" ind1="1" ind2="0">
    <subfield code="a">Memoria - Sociedad de Ciencias Naturales La Salle.</subfield>
  </datafield>
  <datafield tag="249" ind1="0" ind2=" ">
    <subfield code="i">ACQUIRE Title:</subfield>
    <subfield code="a">Memoria / Sociedad de Ciencias Naturales La Salle.</subfield>
  </datafield>
  <datafield tag="264" ind1=" " ind2="1">
    <subfield code="a">[Caracas] :</subfield>
    <subfield code="b">Sociedad de Ciencias Naturales La Salle.</subfield>
  </datafield>
  <datafield tag="300" ind1=" " ind2=" ">
    <subfield code="a">58 volumes :</subfield>
    <subfield code="b">illustrated, maps,</subfield>
    <subfield code="c">24 cm</subfield>
  </datafield>
  <datafield tag="310" ind1=" " ind2=" ">
    <subfield code="a">Semiannual,</subfield>
    <subfield code="b">1978-1998</subfield>
  </datafield>
  <datafield tag="321" ind1=" " ind2=" ">
    <subfield code="a">Three no. a year,</subfield>
    <subfield code="b">1941-1977</subfield>
  </datafield>
  <datafield tag="336" ind1=" " ind2=" ">
    <subfield code="a">text</subfield>
    <subfield code="b">txt</subfield>
    <subfield code="2">rdacontent</subfield>
  </datafield>
  <datafield tag="337" ind1=" " ind2=" ">
    <subfield code="a">unmediated</subfield>
    <subfield code="b">n</subfield>
    <subfield code="2">rdamedia</subfield>
  </datafield>
  <datafield tag="338" ind1=" " ind2=" ">
    <subfield code="a">volume</subfield>
    <subfield code="b">nc</subfield>
    <subfield code="2">rdacarrier</subfield>
  </datafield>
  <datafield tag="362" ind1="0" ind2=" ">
    <subfield code="a">T. [1]-58; julio 1941-1998.</subfield>
  </datafield>
  <datafield tag="515" ind1=" " ind2=" ">
    <subfield code="a">July 1941 issued without numbering but constitutes v. 1, no. 1; v. 1-8 called año, v. 9- called tomo.</subfield>
  </datafield>
  <datafield tag="546" ind1=" " ind2=" ">
    <subfield code="a">In Spanish; abstracts in English and Spanish.</subfield>
  </datafield>
  <datafield tag="590" ind1=" " ind2=" ">
    <subfield code="a">SERBIB/SERLOC merged record</subfield>
  </datafield>
  <datafield tag="592" ind1=" " ind2=" ">
    <subfield code="a">ACQN: aq 95005354</subfield>
  </datafield>
  <datafield tag="592" ind1=" " ind2=" ">
    <subfield code="a">recv&apos;d v.50,n.134(1990);v53n.140(1993); Nos. 147,148 v.62 (1997);</subfield>
  </datafield>
  <datafield tag="610" ind1="2" ind2="0">
    <subfield code="a">Sociedad de Ciencias Naturales La Salle</subfield>
    <subfield code="v">Periodicals.</subfield>
  </datafield>
  <datafield tag="650" ind1=" " ind2="0">
    <subfield code="a">Science</subfield>
    <subfield code="v">Periodicals.</subfield>
  </datafield>
  <datafield tag="650" ind1=" " ind2="0">
    <subfield code="a">Science</subfield>
    <subfield code="z">Venezuela</subfield>
    <subfield code="v">Periodicals.</subfield>
  </datafield>
  <datafield tag="650" ind1=" " ind2="0">
    <subfield code="a">Archaeology</subfield>
    <subfield code="v">Periodicals.</subfield>
  </datafield>
  <datafield tag="650" ind1=" " ind2="0">
    <subfield code="a">Archaeology</subfield>
    <subfield code="z">Venezuela</subfield>
    <subfield code="v">Periodicals.</subfield>
  </datafield>
  <datafield tag="650" ind1=" " ind2="0">
    <subfield code="a">Ethnology</subfield>
    <subfield code="v">Periodicals.</subfield>
  </datafield>
  <datafield tag="650" ind1=" " ind2="0">
    <subfield code="a">Ethnology</subfield>
    <subfield code="z">Venezuela</subfield>
    <subfield code="v">Periodicals.</subfield>
  </datafield>
  <datafield tag="650" ind1=" " ind2="0">
    <subfield code="a">Natural history</subfield>
    <subfield code="z">Venezuela</subfield>
    <subfield code="v">Periodicals.</subfield>
  </datafield>
  <datafield tag="650" ind1=" " ind2="0">
    <subfield code="a">Natural history</subfield>
    <subfield code="v">Periodicals.</subfield>
  </datafield>
  <datafield tag="650" ind1=" " ind2="7">
    <subfield code="a">Archaeology.</subfield>
    <subfield code="2">fast</subfield>
    <subfield code="0">(OCoLC)fst00812938</subfield>
  </datafield>
  <datafield tag="650" ind1=" " ind2="7">
    <subfield code="a">Ethnology.</subfield>
    <subfield code="2">fast</subfield>
    <subfield code="0">(OCoLC)fst00916106</subfield>
  </datafield>
  <datafield tag="650" ind1=" " ind2="7">
    <subfield code="a">Natural history.</subfield>
    <subfield code="2">fast</subfield>
    <subfield code="0">(OCoLC)fst01034268</subfield>
  </datafield>
  <datafield tag="650" ind1=" " ind2="7">
    <subfield code="a">Science.</subfield>
    <subfield code="2">fast</subfield>
    <subfield code="0">(OCoLC)fst01108176</subfield>
  </datafield>
  <datafield tag="651" ind1=" " ind2="7">
    <subfield code="a">Venezuela.</subfield>
    <subfield code="2">fast</subfield>
    <subfield code="0">(OCoLC)fst01204166</subfield>
  </datafield>
  <datafield tag="650" ind1="1" ind2="7">
    <subfield code="a">Natuurwetenschappen.</subfield>
    <subfield code="2">gtt</subfield>
  </datafield>
  <datafield tag="650" ind1=" " ind2="7">
    <subfield code="a">Hahnenfu€gewächse</subfield>
    <subfield code="2">gnd</subfield>
  </datafield>
  <datafield tag="651" ind1=" " ind2="7">
    <subfield code="a">Südamerika</subfield>
    <subfield code="2">gnd</subfield>
  </datafield>
  <datafield tag="650" ind1=" " ind2="2">
    <subfield code="a">Science.</subfield>
  </datafield>
  <datafield tag="655" ind1=" " ind2="7">
    <subfield code="a">Periodicals.</subfield>
    <subfield code="2">fast</subfield>
    <subfield code="0">(OCoLC)fst01411641</subfield>
  </datafield>
  <datafield tag="655" ind1=" " ind2="2">
    <subfield code="a">Periodical.</subfield>
  </datafield>
  <datafield tag="776" ind1="0" ind2="8">
    <subfield code="i">Online version:</subfield>
    <subfield code="a">Sociedad de Ciencias Naturales La Salle.</subfield>
    <subfield code="t">Memoria de la Sociedad de Ciencias Naturales La Salle</subfield>
    <subfield code="w">(DLC)  2014240302</subfield>
    <subfield code="w">(OCoLC)558648640</subfield>
  </datafield>
  <datafield tag="785" ind1="0" ind2="0">
    <subfield code="t">Memoria de la Fundación La Salle de Ciencias Naturales</subfield>
    <subfield code="w">(DLC)  2003240879</subfield>
    <subfield code="w">(OCoLC)49282131</subfield>
  </datafield>
  <datafield tag="850" ind1=" " ind2=" ">
    <subfield code="a">AU</subfield>
    <subfield code="a">DLC</subfield>
  </datafield>
  <datafield tag="890" ind1=" " ind2=" ">
    <subfield code="a">Sociedad de ciencias naturales La Salle.  Memoria.  Caracas.</subfield>
    <subfield code="i">49-28500</subfield>
  </datafield>
  <datafield tag="906" ind1=" " ind2=" ">
    <subfield code="a">7</subfield>
    <subfield code="b">cbc</subfield>
    <subfield code="c">serials</subfield>
    <subfield code="d">3</subfield>
    <subfield code="e">ncip</subfield>
    <subfield code="f">19</subfield>
    <subfield code="g">n-oclcserc</subfield>
  </datafield>
  <datafield tag="920" ind1=" " ind2=" ">
    <subfield code="a">Keep 1</subfield>
  </datafield>
  <datafield tag="991" ind1=" " ind2=" ">
    <subfield code="b">c-GenColl</subfield>
    <subfield code="h">Q4</subfield>
    <subfield code="i">.S55</subfield>
    <subfield code="w">SERIALS</subfield>
  </datafield>
  <datafield tag="991" ind1=" " ind2=" ">
    <subfield code="b">c-GenColl</subfield>
    <subfield code="h">Q4</subfield>
    <subfield code="i">.S55</subfield>
    <subfield code="p">00033046716</subfield>
    <subfield code="t">Copy 1</subfield>
    <subfield code="v">1-5 * 1941 -45:JULIO-DIC.</subfield>
    <subfield code="w">CCF</subfield>
  </datafield>
  <datafield tag="991" ind1=" " ind2=" ">
    <subfield code="b">c-GenColl</subfield>
    <subfield code="h">Q4</subfield>
    <subfield code="i">.S55</subfield>
    <subfield code="p">00033046704</subfield>
    <subfield code="t">Copy 1</subfield>
    <subfield code="v">10-11 * 1950 -51</subfield>
    <subfield code="w">CCF</subfield>
  </datafield>
  <datafield tag="991" ind1=" " ind2=" ">
    <subfield code="b">c-GenColl</subfield>
    <subfield code="h">Q4</subfield>
    <subfield code="i">.S55</subfield>
    <subfield code="p">00033046662</subfield>
    <subfield code="t">Copy 1</subfield>
    <subfield code="v">12-13:31-36 * 1952 -53</subfield>
    <subfield code="w">CCF</subfield>
  </datafield>
  <datafield tag="991" ind1=" " ind2=" ">
    <subfield code="b">c-GenColl</subfield>
    <subfield code="h">Q4</subfield>
    <subfield code="i">.S55</subfield>
    <subfield code="p">00033046625</subfield>
    <subfield code="t">Copy 1</subfield>
    <subfield code="v">14-15:37-42 * 1954 -55</subfield>
    <subfield code="w">CCF</subfield>
  </datafield>
  <datafield tag="991" ind1=" " ind2=" ">
    <subfield code="b">c-GenColl</subfield>
    <subfield code="h">Q4</subfield>
    <subfield code="i">.S55</subfield>
    <subfield code="p">00033046583</subfield>
    <subfield code="t">Copy 1</subfield>
    <subfield code="v">16-17 * 1956 -57</subfield>
    <subfield code="w">CCF</subfield>
  </datafield>
  <datafield tag="991" ind1=" " ind2=" ">
    <subfield code="b">c-GenColl</subfield>
    <subfield code="h">Q4</subfield>
    <subfield code="i">.S55</subfield>
    <subfield code="p">00033046546</subfield>
    <subfield code="t">Copy 1</subfield>
    <subfield code="v">18-19 * 1958 -59</subfield>
    <subfield code="w">CCF</subfield>
  </datafield>
  <datafield tag="991" ind1=" " ind2=" ">
    <subfield code="b">c-GenColl</subfield>
    <subfield code="h">Q4</subfield>
    <subfield code="i">.S55</subfield>
    <subfield code="p">00033046509</subfield>
    <subfield code="t">Copy 1</subfield>
    <subfield code="v">20-21 * 1960 -61</subfield>
    <subfield code="w">CCF</subfield>
  </datafield>
  <datafield tag="991" ind1=" " ind2=" ">
    <subfield code="b">c-GenColl</subfield>
    <subfield code="h">Q4</subfield>
    <subfield code="i">.S55</subfield>
    <subfield code="p">00033046467</subfield>
    <subfield code="t">Copy 1</subfield>
    <subfield code="v">22-23 * 1962 -63</subfield>
    <subfield code="w">CCF</subfield>
  </datafield>
  <datafield tag="991" ind1=" " ind2=" ">
    <subfield code="b">c-GenColl</subfield>
    <subfield code="h">Q4</subfield>
    <subfield code="i">.S55</subfield>
    <subfield code="p">0003304642A</subfield>
    <subfield code="t">Copy 1</subfield>
    <subfield code="v">24 * 1964</subfield>
    <subfield code="w">CCF</subfield>
  </datafield>
  <datafield tag="991" ind1=" " ind2=" ">
    <subfield code="b">c-GenColl</subfield>
    <subfield code="h">Q4</subfield>
    <subfield code="i">.S55</subfield>
    <subfield code="p">00033046388</subfield>
    <subfield code="t">Copy 1</subfield>
    <subfield code="v">26-27 * 1966 -67</subfield>
    <subfield code="w">CCF</subfield>
  </datafield>
  <datafield tag="991" ind1=" " ind2=" ">
    <subfield code="b">c-GenColl</subfield>
    <subfield code="h">Q4</subfield>
    <subfield code="i">.S55</subfield>
    <subfield code="p">00033046340</subfield>
    <subfield code="t">Copy 1</subfield>
    <subfield code="v">28-29 * 1968 -69</subfield>
    <subfield code="w">CCF</subfield>
  </datafield>
  <datafield tag="991" ind1=" " ind2=" ">
    <subfield code="b">c-GenColl</subfield>
    <subfield code="h">Q4</subfield>
    <subfield code="i">.S55</subfield>
    <subfield code="p">00033046728</subfield>
    <subfield code="t">Copy 1</subfield>
    <subfield code="v">30-31 * 1970 -71</subfield>
    <subfield code="w">CCF</subfield>
  </datafield>
  <datafield tag="991" ind1=" " ind2=" ">
    <subfield code="b">c-GenColl</subfield>
    <subfield code="h">Q4</subfield>
    <subfield code="i">.S55</subfield>
    <subfield code="p">00033046686</subfield>
    <subfield code="t">Copy 1</subfield>
    <subfield code="v">32-33 * 1972 -73</subfield>
    <subfield code="w">CCF</subfield>
  </datafield>
  <datafield tag="991" ind1=" " ind2=" ">
    <subfield code="b">c-GenColl</subfield>
    <subfield code="h">Q4</subfield>
    <subfield code="i">.S55</subfield>
    <subfield code="p">00033046649</subfield>
    <subfield code="t">Copy 1</subfield>
    <subfield code="v">34 * 1974</subfield>
    <subfield code="w">CCF</subfield>
  </datafield>
  <datafield tag="991" ind1=" " ind2=" ">
    <subfield code="b">c-GenColl</subfield>
    <subfield code="h">Q4</subfield>
    <subfield code="i">.S55</subfield>
    <subfield code="p">00033046601</subfield>
    <subfield code="t">Copy 1</subfield>
    <subfield code="v">35 * 1975</subfield>
    <subfield code="w">CCF</subfield>
  </datafield>
  <datafield tag="991" ind1=" " ind2=" ">
    <subfield code="b">c-GenColl</subfield>
    <subfield code="h">Q4</subfield>
    <subfield code="i">.S55</subfield>
    <subfield code="p">0003304656A</subfield>
    <subfield code="t">Copy 1</subfield>
    <subfield code="v">36 * 1976</subfield>
    <subfield code="w">CCF</subfield>
  </datafield>
  <datafield tag="991" ind1=" " ind2=" ">
    <subfield code="b">c-GenColl</subfield>
    <subfield code="h">Q4</subfield>
    <subfield code="i">.S55</subfield>
    <subfield code="p">00033046522</subfield>
    <subfield code="t">Copy 1</subfield>
    <subfield code="v">37-38 * 1977 -78</subfield>
    <subfield code="w">CCF</subfield>
  </datafield>
  <datafield tag="991" ind1=" " ind2=" ">
    <subfield code="b">c-GenColl</subfield>
    <subfield code="h">Q4</subfield>
    <subfield code="i">.S55</subfield>
    <subfield code="p">00033046480</subfield>
    <subfield code="t">Copy 1</subfield>
    <subfield code="v">39-40 * 1979 -80</subfield>
    <subfield code="w">CCF</subfield>
  </datafield>
  <datafield tag="991" ind1=" " ind2=" ">
    <subfield code="b">c-GenColl</subfield>
    <subfield code="h">Q4</subfield>
    <subfield code="i">.S55</subfield>
    <subfield code="p">00033046443</subfield>
    <subfield code="t">Copy 1</subfield>
    <subfield code="v">41 * 1981 :ENERO-JUNIO</subfield>
    <subfield code="w">CCF</subfield>
  </datafield>
  <datafield tag="991" ind1=" " ind2=" ">
    <subfield code="b">c-GenColl</subfield>
    <subfield code="h">Q4</subfield>
    <subfield code="i">.S55</subfield>
    <subfield code="p">00033046406</subfield>
    <subfield code="t">Copy 1</subfield>
    <subfield code="v">41 * 1981 :JULIO-DIC.</subfield>
    <subfield code="w">CCF</subfield>
  </datafield>
  <datafield tag="991" ind1=" " ind2=" ">
    <subfield code="b">c-GenColl</subfield>
    <subfield code="h">Q4</subfield>
    <subfield code="i">.S55</subfield>
    <subfield code="p">00033046364</subfield>
    <subfield code="t">Copy 1</subfield>
    <subfield code="v">42 * 1982 :ENERO-JUNIO</subfield>
    <subfield code="w">CCF</subfield>
  </datafield>
  <datafield tag="991" ind1=" " ind2=" ">
    <subfield code="b">c-GenColl</subfield>
    <subfield code="h">Q4</subfield>
    <subfield code="i">.S55</subfield>
    <subfield code="p">00033089818</subfield>
    <subfield code="t">Copy 1</subfield>
    <subfield code="v">42 * 1982 :JULIO-DIC.</subfield>
    <subfield code="w">CCF</subfield>
  </datafield>
  <datafield tag="991" ind1=" " ind2=" ">
    <subfield code="b">c-GenColl</subfield>
    <subfield code="h">Q4</subfield>
    <subfield code="i">.S55</subfield>
    <subfield code="p">00033089892</subfield>
    <subfield code="t">Copy 1</subfield>
    <subfield code="v">43 * 1983 :ENERO-JUNIO</subfield>
    <subfield code="w">CCF</subfield>
  </datafield>
  <datafield tag="991" ind1=" " ind2=" ">
    <subfield code="b">c-GenColl</subfield>
    <subfield code="h">Q4</subfield>
    <subfield code="i">.S55</subfield>
    <subfield code="p">00033089855</subfield>
    <subfield code="t">Copy 1</subfield>
    <subfield code="v">43-44 * 1983 -84:JUNIO-DIC.</subfield>
    <subfield code="w">CCF</subfield>
  </datafield>
  <datafield tag="991" ind1=" " ind2=" ">
    <subfield code="b">c-GenColl</subfield>
    <subfield code="h">Q4</subfield>
    <subfield code="i">.S55</subfield>
    <subfield code="p">00033089776</subfield>
    <subfield code="t">Copy 1</subfield>
    <subfield code="v">45-46 * 1985 -86</subfield>
    <subfield code="w">CCF</subfield>
  </datafield>
  <datafield tag="991" ind1=" " ind2=" ">
    <subfield code="b">c-GenColl</subfield>
    <subfield code="h">Q4</subfield>
    <subfield code="i">.S55</subfield>
    <subfield code="p">00033089739</subfield>
    <subfield code="t">Copy 1</subfield>
    <subfield code="v">48 * 1988 :ENERO-JUNIO</subfield>
    <subfield code="w">CCF</subfield>
  </datafield>
  <datafield tag="991" ind1=" " ind2=" ">
    <subfield code="b">c-GenColl</subfield>
    <subfield code="h">Q4</subfield>
    <subfield code="i">.S55</subfield>
    <subfield code="p">0003304639A</subfield>
    <subfield code="t">Copy 1</subfield>
    <subfield code="v">6-7:15-20 * 1946 -47</subfield>
    <subfield code="w">CCF</subfield>
  </datafield>
  <datafield tag="991" ind1=" " ind2=" ">
    <subfield code="b">c-GenColl</subfield>
    <subfield code="h">Q4</subfield>
    <subfield code="i">.S55</subfield>
    <subfield code="p">00033046352</subfield>
    <subfield code="t">Copy 1</subfield>
    <subfield code="v">8-9:21-25 * 1948 -49</subfield>
    <subfield code="w">CCF</subfield>
  </datafield>
  <datafield tag="991" ind1=" " ind2=" ">
    <subfield code="b">c-Ser</subfield>
    <subfield code="w">ACQUIRE</subfield>
  </datafield>
  <datafield tag="992" ind1=" " ind2=" ">
    <subfield code="b">EMPTY</subfield>
    <subfield code="w">ACQUIRE</subfield>
  </datafield>
  <datafield tag="992" ind1=" " ind2=" ">
    <subfield code="b">HLAS/Ser</subfield>
    <subfield code="w">SERLOC</subfield>
  </datafield>
</record>