
<record>
  <leader>02773ckd a2200481 a 4500</leader>
  <controlfield tag="001">13791121</controlfield>
  <controlfield tag="005">20200104074956.0</controlfield>
  <controlfield tag="007">kh bh|</controlfield>
  <controlfield tag="007">cr||||||||||||</controlfield>
  <controlfield tag="008">940907s1846    xxunnn       u    kneng  </controlfield>
  <datafield tag="906" ind1=" " ind2=" ">
    <subfield code="a">7</subfield>
    <subfield code="b">cbc</subfield>
    <subfield code="c">orignew</subfield>
    <subfield code="d">u</subfield>
    <subfield code="e">ncip</subfield>
    <subfield code="f">20</subfield>
    <subfield code="g">y-printpho</subfield>
  </datafield>
  <datafield tag="955" ind1=" " ind2=" ">
    <subfield code="a">qw44 2013-08r</subfield>
  </datafield>
  <datafield tag="010" ind1=" " ind2=" ">
    <subfield code="a">  2004664420</subfield>
  </datafield>
  <datafield tag="035" ind1=" " ind2=" ">
    <subfield code="a">(DLC)dag1997000561/PP</subfield>
  </datafield>
  <datafield tag="037" ind1=" " ind2=" ">
    <subfield code="a">LC-USZC4-3596</subfield>
    <subfield code="b">DLC</subfield>
    <subfield code="c">(color film copy transparency post-1992)</subfield>
  </datafield>
  <datafield tag="037" ind1=" " ind2=" ">
    <subfield code="a">LC-USZ62-110212</subfield>
    <subfield code="b">DLC</subfield>
    <subfield code="c">(b&amp;w film copy neg. post-1992)</subfield>
  </datafield>
  <datafield tag="037" ind1=" " ind2=" ">
    <subfield code="a">LC-USZ62-46805</subfield>
    <subfield code="b">DLC</subfield>
    <subfield code="c">(b&amp;w film copy neg. pre-1992)</subfield>
  </datafield>
  <datafield tag="040" ind1=" " ind2=" ">
    <subfield code="a">DLC</subfield>
    <subfield code="c">DLC</subfield>
    <subfield code="d">DLC</subfield>
    <subfield code="e">gihc</subfield>
  </datafield>
  <datafield tag="050" ind1="0" ind2="0">
    <subfield code="a">DAG</subfield>
    <subfield code="b">no. 1229</subfield>
  </datafield>
  <datafield tag="100" ind1="1" ind2=" ">
    <subfield code="a">Plumbe, John,</subfield>
    <subfield code="d">1809-1857,</subfield>
    <subfield code="e">photographer.</subfield>
  </datafield>
  <datafield tag="245" ind1="1" ind2="0">
    <subfield code="a">[United States Patent Office, Washington, D.C., showing F Street facade, possibly taken from the upper floor of the General Post Office]</subfield>
    <subfield code="h">[graphic].</subfield>
  </datafield>
  <datafield tag="260" ind1=" " ind2=" ">
    <subfield code="c">[ca. 1846]</subfield>
  </datafield>
  <datafield tag="300" ind1=" " ind2=" ">
    <subfield code="a">1 photograph :</subfield>
    <subfield code="b">half plate daguerreotype.</subfield>
  </datafield>
  <datafield tag="500" ind1=" " ind2=" ">
    <subfield code="a">Caption label from exhibit &quot;American Treasures--Imagination&quot;: Early Views of Washington. Several government buildings were among the first edifices in the nation&apos;s capital to be recorded by the relatively new medium of photography. John Plumbe, Jr., the first professional photographer in Washington, D.C., operated a studio in the mid-1840s. He recorded the U.S. Patent Office, which now houses the Smithsonian&apos;s National Portrait Gallery and National Museum of American Art.</subfield>
  </datafield>
  <datafield tag="540" ind1=" " ind2=" ">
    <subfield code="a">No known restrictions on publication.</subfield>
  </datafield>
  <datafield tag="500" ind1=" " ind2=" ">
    <subfield code="a">Title devised by Library staff.</subfield>
  </datafield>
  <datafield tag="506" ind1=" " ind2=" ">
    <subfield code="a">Original served by appointment only.</subfield>
  </datafield>
  <datafield tag="541" ind1=" " ind2=" ">
    <subfield code="c">Purchase;</subfield>
    <subfield code="d">1972;</subfield>
    <subfield code="e">(DLC/PP-1972:R01.1).</subfield>
  </datafield>
  <datafield tag="580" ind1=" " ind2=" ">
    <subfield code="a">Forms part of: Daguerreotype collection (Library of Congress).</subfield>
  </datafield>
  <datafield tag="581" ind1="8" ind2=" ">
    <subfield code="a">Published in: &quot;Architecture ...&quot; chapter of the ebook Great Photographs from the Library of Congress, 2013.</subfield>
  </datafield>
  <datafield tag="610" ind1="1" ind2="4">
    <subfield code="a">United States.</subfield>
    <subfield code="b">Patent Office</subfield>
    <subfield code="x">Buildings</subfield>
    <subfield code="z">Washington (D.C.)</subfield>
    <subfield code="y">1840-1850.</subfield>
  </datafield>
  <datafield tag="655" ind1=" " ind2="7">
    <subfield code="a">Architectural photographs</subfield>
    <subfield code="y">1840-1850.</subfield>
    <subfield code="2">gmgpc</subfield>
  </datafield>
  <datafield tag="655" ind1=" " ind2="7">
    <subfield code="a">Daguerreotypes</subfield>
    <subfield code="y">1840-1850.</subfield>
    <subfield code="2">gmgpc</subfield>
  </datafield>
  <datafield tag="773" ind1="0" ind2=" ">
    <subfield code="t">Daguerreotype collection (Library of Congress)</subfield>
    <subfield code="w">(DLC)   95861318</subfield>
  </datafield>
  <datafield tag="852" ind1=" " ind2=" ">
    <subfield code="a">Library of Congress</subfield>
    <subfield code="b">Prints and Photographs Division</subfield>
    <subfield code="e">Washington, D.C. 20540 USA</subfield>
    <subfield code="n">dcu</subfield>
    <subfield code="u">http://hdl.loc.gov/loc.pnp/pp.print</subfield>
  </datafield>
  <datafield tag="856" ind1="4" ind2="1">
    <subfield code="3">digital file from color film copy transparency LC-USZC4-3596</subfield>
    <subfield code="d">cph</subfield>
    <subfield code="f">3g03596</subfield>
    <subfield code="q">p</subfield>
    <subfield code="u">http://hdl.loc.gov/loc.pnp/cph.3g03596</subfield>
  </datafield>
  <datafield tag="856" ind1="4" ind2="1">
    <subfield code="3">digital file from b&amp;w film copy neg. post-1992</subfield>
    <subfield code="d">cph</subfield>
    <subfield code="f">3c10212</subfield>
    <subfield code="q">p</subfield>
    <subfield code="u">http://hdl.loc.gov/loc.pnp/cph.3c10212</subfield>
  </datafield>
  <datafield tag="856" ind1="4" ind2="1">
    <subfield code="3">digital file from b&amp;w film copy neg. pre-1992</subfield>
    <subfield code="d">cph</subfield>
    <subfield code="f">3a53272</subfield>
    <subfield code="q">p</subfield>
    <subfield code="u">http://hdl.loc.gov/loc.pnp/cph.3a53272</subfield>
  </datafield>
  <datafield tag="985" ind1=" " ind2=" ">
    <subfield code="a">pp/dag</subfield>
    <subfield code="e">ammem</subfield>
  </datafield>
  <datafield tag="985" ind1=" " ind2=" ">
    <subfield code="e">pp/minload</subfield>
  </datafield>
  <datafield tag="985" ind1=" " ind2=" ">
    <subfield code="a">pp/exh</subfield>
    <subfield code="e">L4105</subfield>
  </datafield>
  <datafield tag="985" ind1=" " ind2=" ">
    <subfield code="a">pp/diof</subfield>
  </datafield>
  <datafield tag="991" ind1=" " ind2=" ">
    <subfield code="c">c-P&amp;P</subfield>
    <subfield code="h">DAG</subfield>
    <subfield code="i">no. 1229</subfield>
    <subfield code="o">ppsd</subfield>
    <subfield code="v">obj.</subfield>
  </datafield>
</record>