
<record>
  <leader>02338cas a2200469 a 4500</leader>
  <controlfield tag="001">13864108</controlfield>
  <controlfield tag="005">20200104075806.0</controlfield>
  <controlfield tag="008">040114c19uu9999mauar        s0   a0eng d</controlfield>
  <datafield tag="010" ind1=" " ind2=" ">
    <subfield code="a">  2005203617</subfield>
  </datafield>
  <datafield tag="035" ind1=" " ind2=" ">
    <subfield code="a">(OCoLC)ocm54021541 </subfield>
  </datafield>
  <datafield tag="040" ind1=" " ind2=" ">
    <subfield code="a">NLA</subfield>
    <subfield code="b">eng</subfield>
    <subfield code="c">NLA</subfield>
    <subfield code="d">OCLCQ</subfield>
    <subfield code="d">DLC</subfield>
    <subfield code="d">HVL</subfield>
    <subfield code="d">OCLCQ</subfield>
    <subfield code="d">OCLCF</subfield>
    <subfield code="d">OCLCQ</subfield>
    <subfield code="d">OCLCA</subfield>
  </datafield>
  <datafield tag="042" ind1=" " ind2=" ">
    <subfield code="a">lccopycat</subfield>
  </datafield>
  <datafield tag="043" ind1=" " ind2=" ">
    <subfield code="a">n-us-ma</subfield>
  </datafield>
  <datafield tag="050" ind1="0" ind2="0">
    <subfield code="a">KFM2476.5.A2</subfield>
    <subfield code="b">M373</subfield>
  </datafield>
  <datafield tag="110" ind1="2" ind2=" ">
    <subfield code="a">Massachusetts Clients&apos; Security Board of the Supreme Judicial Court.</subfield>
  </datafield>
  <datafield tag="245" ind1="1" ind2="0">
    <subfield code="a">Annual report to the Supreme Judicial Court /</subfield>
    <subfield code="c">Massachusetts Clients&apos; Security Board of the Supreme Judicial Court.</subfield>
  </datafield>
  <datafield tag="246" ind1="1" ind2=" ">
    <subfield code="i">Vols. for &lt;2007-&gt; have title:</subfield>
    <subfield code="a">Annual report</subfield>
  </datafield>
  <datafield tag="260" ind1=" " ind2=" ">
    <subfield code="a">Boston, Mass. :</subfield>
    <subfield code="b">Clients&apos; Security Board</subfield>
  </datafield>
  <datafield tag="300" ind1=" " ind2=" ">
    <subfield code="a">volumes :</subfield>
    <subfield code="b">color illustrations ;</subfield>
    <subfield code="c">28 cm</subfield>
  </datafield>
  <datafield tag="310" ind1=" " ind2=" ">
    <subfield code="a">Annual</subfield>
  </datafield>
  <datafield tag="336" ind1=" " ind2=" ">
    <subfield code="a">text</subfield>
    <subfield code="b">txt</subfield>
    <subfield code="2">rdacontent</subfield>
  </datafield>
  <datafield tag="337" ind1=" " ind2=" ">
    <subfield code="a">unmediated</subfield>
    <subfield code="b">n</subfield>
    <subfield code="2">rdamedia</subfield>
  </datafield>
  <datafield tag="338" ind1=" " ind2=" ">
    <subfield code="a">volume</subfield>
    <subfield code="b">nc</subfield>
    <subfield code="2">rdacarrier</subfield>
  </datafield>
  <datafield tag="515" ind1=" " ind2=" ">
    <subfield code="a">Report year ends Aug. 31.</subfield>
  </datafield>
  <datafield tag="530" ind1=" " ind2=" ">
    <subfield code="a">Available from the Massachusetts Clients&apos; Security Board web site.</subfield>
  </datafield>
  <datafield tag="588" ind1=" " ind2=" ">
    <subfield code="a">Description based on: Fiscal year 2002; title from cover.</subfield>
  </datafield>
  <datafield tag="588" ind1=" " ind2=" ">
    <subfield code="a">Latest issue consulted: Fiscal 2007.</subfield>
  </datafield>
  <datafield tag="610" ind1="2" ind2="0">
    <subfield code="a">Massachusetts Clients&apos; Security Board of the Supreme Judicial Court</subfield>
    <subfield code="v">Periodicals.</subfield>
  </datafield>
  <datafield tag="610" ind1="2" ind2="7">
    <subfield code="a">Massachusetts Clients&apos; Security Board of the Supreme Judicial Court.</subfield>
    <subfield code="2">fast</subfield>
    <subfield code="0">(OCoLC)fst01624039</subfield>
  </datafield>
  <datafield tag="650" ind1=" " ind2="0">
    <subfield code="a">Attorney and client</subfield>
    <subfield code="z">Massachusetts</subfield>
    <subfield code="v">Periodicals.</subfield>
  </datafield>
  <datafield tag="650" ind1=" " ind2="0">
    <subfield code="a">Client security funds</subfield>
    <subfield code="z">Massachusetts</subfield>
    <subfield code="v">Periodicals.</subfield>
  </datafield>
  <datafield tag="650" ind1=" " ind2="7">
    <subfield code="a">Attorney and client.</subfield>
    <subfield code="2">fast</subfield>
    <subfield code="0">(OCoLC)fst00820888</subfield>
  </datafield>
  <datafield tag="650" ind1=" " ind2="7">
    <subfield code="a">Client security funds.</subfield>
    <subfield code="2">fast</subfield>
    <subfield code="0">(OCoLC)fst00864200</subfield>
  </datafield>
  <datafield tag="651" ind1=" " ind2="7">
    <subfield code="a">Massachusetts.</subfield>
    <subfield code="2">fast</subfield>
    <subfield code="0">(OCoLC)fst01204307</subfield>
  </datafield>
  <datafield tag="655" ind1=" " ind2="7">
    <subfield code="a">Periodicals.</subfield>
    <subfield code="2">fast</subfield>
    <subfield code="0">(OCoLC)fst01411641</subfield>
  </datafield>
  <datafield tag="776" ind1="0" ind2="8">
    <subfield code="i">Online version:</subfield>
    <subfield code="a">Massachusetts Clients&apos; Security Board of the Supreme Judicial Court.</subfield>
    <subfield code="t">Annual report to the Supreme Judicial Court</subfield>
    <subfield code="w">(OCoLC)1134543311</subfield>
  </datafield>
  <datafield tag="780" ind1="0" ind2="0">
    <subfield code="a">Massachusetts Clients&apos; Security Board of the Supreme Judicial Court.</subfield>
    <subfield code="t">Report for .</subfield>
    <subfield code="w">(OCoLC)39521706</subfield>
  </datafield>
  <datafield tag="850" ind1=" " ind2=" ">
    <subfield code="a">DLC</subfield>
  </datafield>
  <datafield tag="859" ind1="4" ind2="1">
    <subfield code="u">http://www.state.ma.us/clientssecurityboard/annual_reports.html</subfield>
  </datafield>
  <datafield tag="906" ind1=" " ind2=" ">
    <subfield code="a">7</subfield>
    <subfield code="b">cbc</subfield>
    <subfield code="c">serials</subfield>
    <subfield code="d">2</subfield>
    <subfield code="e">ncip</subfield>
    <subfield code="f">20</subfield>
    <subfield code="g">n-oclcserc</subfield>
  </datafield>
  <datafield tag="925" ind1="0" ind2=" ">
    <subfield code="a">Acquire</subfield>
    <subfield code="b">1 shelf copy</subfield>
    <subfield code="x">policy default 2005-09-28</subfield>
  </datafield>
  <datafield tag="955" ind1=" " ind2=" ">
    <subfield code="a">ng21 2005-02-08 to SRD/CAT</subfield>
    <subfield code="a">da00 2005-05-12 SERCAT1 Copycat</subfield>
    <subfield code="i">da64 2005-09-28</subfield>
    <subfield code="e">da64 2005-09-28 to LL</subfield>
  </datafield>
</record>