
<record>
  <leader>01409ccm a22003374a 4500</leader>
  <controlfield tag="001">13915913</controlfield>
  <controlfield tag="005">20200104164136.0</controlfield>
  <controlfield tag="008">050330m20039999xxuuua|        n  | zxx  </controlfield>
  <datafield tag="906" ind1=" " ind2=" ">
    <subfield code="a">7</subfield>
    <subfield code="b">cbc</subfield>
    <subfield code="c">orignew</subfield>
    <subfield code="d">3</subfield>
    <subfield code="e">ncip</subfield>
    <subfield code="f">20</subfield>
    <subfield code="g">y-genmusic</subfield>
  </datafield>
  <datafield tag="925" ind1="0" ind2=" ">
    <subfield code="a">acquire</subfield>
    <subfield code="b">1 shelf copies</subfield>
    <subfield code="x">policy default</subfield>
  </datafield>
  <datafield tag="955" ind1=" " ind2=" ">
    <subfield code="a">vk00 2005-03-30</subfield>
    <subfield code="i">vk07 2005-03-30</subfield>
    <subfield code="e">vn34 2005-03-31 to BCCD</subfield>
    <subfield code="e">vk05 2005-06-24 c. 2 to BCCD</subfield>
    <subfield code="c">vk10 2007-03-30 v. 1 added</subfield>
    <subfield code="e">vn34 2007-04-11 v. 1, c. 1 &amp; 2 to BCCD</subfield>
  </datafield>
  <datafield tag="010" ind1=" " ind2=" ">
    <subfield code="a">  2005560466</subfield>
  </datafield>
  <datafield tag="020" ind1=" " ind2=" ">
    <subfield code="a">0874874106 (v. 1)</subfield>
  </datafield>
  <datafield tag="020" ind1=" " ind2=" ">
    <subfield code="a">1589512308 (v. 2)</subfield>
  </datafield>
  <datafield tag="024" ind1="1" ind2=" ">
    <subfield code="a">654979064152</subfield>
    <subfield code="c">(v. 1)</subfield>
  </datafield>
  <datafield tag="024" ind1="1" ind2=" ">
    <subfield code="a">654979064305</subfield>
    <subfield code="c">(v. 2)</subfield>
  </datafield>
  <datafield tag="024" ind1="3" ind2=" ">
    <subfield code="a">9780874874105</subfield>
    <subfield code="c">(v. 1)</subfield>
  </datafield>
  <datafield tag="024" ind1="3" ind2=" ">
    <subfield code="a">9781589512306</subfield>
    <subfield code="c">(v. 2)</subfield>
  </datafield>
  <datafield tag="028" ind1="2" ind2="0">
    <subfield code="a">0410</subfield>
    <subfield code="b">Summy-Birchard Music</subfield>
  </datafield>
  <datafield tag="028" ind1="2" ind2="0">
    <subfield code="a">23080</subfield>
    <subfield code="b">Summy-Birchard Music</subfield>
  </datafield>
  <datafield tag="040" ind1=" " ind2=" ">
    <subfield code="a">DLC</subfield>
    <subfield code="c">DLC</subfield>
  </datafield>
  <datafield tag="050" ind1="0" ind2="0">
    <subfield code="a">M177</subfield>
    <subfield code="b">.V56 2003</subfield>
  </datafield>
  <datafield tag="245" ind1="0" ind2="0">
    <subfield code="a">Violas in concert :</subfield>
    <subfield code="b">classical collection /</subfield>
    <subfield code="c">arranged and composed by Elizabeth Stuen-Walker.</subfield>
  </datafield>
  <datafield tag="260" ind1=" " ind2=" ">
    <subfield code="a">[United States] :</subfield>
    <subfield code="b">Summy-Birchard Music ;</subfield>
    <subfield code="a">Miami, FL :</subfield>
    <subfield code="b">Exclusively distributed by Warner Bros. Publications,</subfield>
    <subfield code="c">c2003-</subfield>
  </datafield>
  <datafield tag="300" ind1=" " ind2=" ">
    <subfield code="a">1 score and 5 parts (v. &lt;1-2&gt;) ;</subfield>
    <subfield code="c">31 cm.</subfield>
  </datafield>
  <datafield tag="500" ind1=" " ind2=" ">
    <subfield code="a">For 3-5 violas.</subfield>
  </datafield>
  <datafield tag="500" ind1=" " ind2=" ">
    <subfield code="a">Vol. 1 previously published under title: Ensembles for viola, v. 3.</subfield>
  </datafield>
  <datafield tag="500" ind1=" " ind2=" ">
    <subfield code="a">Pl. no.: &lt;0410 (v. 1), 23080 (v. 2)&gt;</subfield>
  </datafield>
  <datafield tag="650" ind1=" " ind2="0">
    <subfield code="a">Viola ensembles</subfield>
    <subfield code="v">Scores and parts.</subfield>
  </datafield>
  <datafield tag="700" ind1="1" ind2=" ">
    <subfield code="a">Stuen-Walker, Elizabeth.</subfield>
    <subfield code="4">arr</subfield>
  </datafield>
  <datafield tag="730" ind1="0" ind2=" ">
    <subfield code="a">Ensembles for viola.</subfield>
  </datafield>
</record>