
<record>
<!-- Length implementation at offset 22 should hold a number. Assuming 0 -->
  <leader>03018ccm a22004934a 4500</leader>
  <controlfield tag="001">13959227</controlfield>
  <controlfield tag="005">20200104162716.0</controlfield>
  <controlfield tag="008">050509m20039999nyuppz|        n  | eng  </controlfield>
  <datafield tag="906" ind1=" " ind2=" ">
    <subfield code="a">7</subfield>
    <subfield code="b">cbc</subfield>
    <subfield code="c">origres</subfield>
    <subfield code="d">3</subfield>
    <subfield code="e">ncip</subfield>
    <subfield code="f">20</subfield>
    <subfield code="g">y-genmusic</subfield>
  </datafield>
  <datafield tag="925" ind1="0" ind2=" ">
    <subfield code="a">acquire</subfield>
    <subfield code="b">1 shelf copies</subfield>
    <subfield code="x">policy default</subfield>
  </datafield>
  <datafield tag="955" ind1=" " ind2=" ">
    <subfield code="a">vk37 2005-05-09 to MSR</subfield>
    <subfield code="i">vk37 2005-05-09</subfield>
    <subfield code="e">vk05 2005-05-16 to Music Division 2 copies</subfield>
    <subfield code="a">ADDED VOLS: v. 4 ps02 2007-01-23 to SMCD</subfield>
    <subfield code="c">vk79 2007-01-25 v. 4 added</subfield>
    <subfield code="e">vk05 2007-01-31 to Music Division</subfield>
    <subfield code="c">vk17 2007-01-26 v. 5 and v. 3 added</subfield>
    <subfield code="e">vk17 2007-01-26 v. 3, 5 to Music Division</subfield>
    <subfield code="e">vk05 2008-05-05 c. 2 to BCCD v. 3 &amp; 5</subfield>
    <subfield code="c">vk73 2008-07-21 v. 1 added</subfield>
    <subfield code="e">vk05 2008-08-05 to Music Division v. 1</subfield>
  </datafield>
  <datafield tag="010" ind1=" " ind2=" ">
    <subfield code="a">  2005560620</subfield>
  </datafield>
  <datafield tag="020" ind1=" " ind2=" ">
    <subfield code="a">1929009135 (v. 1)</subfield>
  </datafield>
  <datafield tag="020" ind1=" " ind2=" ">
    <subfield code="a">184328619X (v. 2)</subfield>
  </datafield>
  <datafield tag="020" ind1=" " ind2=" ">
    <subfield code="a">1929009178 (v. 3)</subfield>
  </datafield>
  <datafield tag="020" ind1=" " ind2=" ">
    <subfield code="a">1929009240 (v. 4)</subfield>
  </datafield>
  <datafield tag="020" ind1=" " ind2=" ">
    <subfield code="a">1929009550 (v. 5)</subfield>
  </datafield>
  <datafield tag="024" ind1="1" ind2=" ">
    <subfield code="a">654979059011</subfield>
    <subfield code="c">(v. 1)</subfield>
  </datafield>
  <datafield tag="024" ind1="1" ind2=" ">
    <subfield code="a">654979074519</subfield>
  </datafield>
  <datafield tag="024" ind1="1" ind2=" ">
    <subfield code="a">654979082392</subfield>
    <subfield code="c">(v. 3)</subfield>
  </datafield>
  <datafield tag="024" ind1="1" ind2=" ">
    <subfield code="a">038081270913</subfield>
    <subfield code="c">(v. 5)</subfield>
  </datafield>
  <datafield tag="024" ind1="3" ind2=" ">
    <subfield code="a">9781929009138</subfield>
    <subfield code="c">(v. 1)</subfield>
  </datafield>
  <datafield tag="024" ind1="3" ind2=" ">
    <subfield code="a">9781843286196</subfield>
    <subfield code="c">(v. 2)</subfield>
  </datafield>
  <datafield tag="024" ind1="3" ind2=" ">
    <subfield code="a">9781929009176</subfield>
    <subfield code="c">(v. 3)</subfield>
  </datafield>
  <datafield tag="024" ind1="3" ind2=" ">
    <subfield code="a">9781929009244</subfield>
    <subfield code="c">(v. 4)</subfield>
  </datafield>
  <datafield tag="024" ind1="3" ind2=" ">
    <subfield code="a">9781929009558</subfield>
    <subfield code="c">(v. 5)</subfield>
  </datafield>
  <datafield tag="028" ind1="3" ind2="0">
    <subfield code="a">974055</subfield>
    <subfield code="b">Ekay Music</subfield>
  </datafield>
  <datafield tag="028" ind1="3" ind2="0">
    <subfield code="a">977835</subfield>
    <subfield code="b">Ekay Music</subfield>
  </datafield>
  <datafield tag="028" ind1="3" ind2="0">
    <subfield code="a">981357</subfield>
    <subfield code="b">Ekay Music</subfield>
  </datafield>
  <datafield tag="040" ind1=" " ind2=" ">
    <subfield code="a">DLC</subfield>
    <subfield code="c">DLC</subfield>
    <subfield code="d">DLC</subfield>
  </datafield>
  <datafield tag="042" ind1=" " ind2=" ">
    <subfield code="a">pcc</subfield>
  </datafield>
  <datafield tag="050" ind1="0" ind2="0">
    <subfield code="a">M38.5</subfield>
    <subfield code="b">.P</subfield>
  </datafield>
  <datafield tag="245" ind1="0" ind2="0">
    <subfield code="a">Piano stylings of the great standards /</subfield>
    <subfield code="c">conceived and edited by Edward Shanaphy.</subfield>
  </datafield>
  <datafield tag="260" ind1=" " ind2=" ">
    <subfield code="a">Bedford Hills, N.Y. :</subfield>
    <subfield code="b">Ekay Music,</subfield>
    <subfield code="c">c2003-&lt;c2005&gt;</subfield>
  </datafield>
  <datafield tag="300" ind1=" " ind2=" ">
    <subfield code="a">v. of music &lt;1-5&gt; ;</subfield>
    <subfield code="c">31 cm.</subfield>
  </datafield>
  <datafield tag="440" ind1=" " ind2="4">
    <subfield code="a">The Steinway library of piano music</subfield>
  </datafield>
  <datafield tag="500" ind1=" " ind2=" ">
    <subfield code="a">In v. 1-5, pt. I includes the piano stylings; pt. II includes the original sheet music, including words, in score format.</subfield>
  </datafield>
  <datafield tag="505" ind1="1" ind2=" ">
    <subfield code="a">v. 1. All the things you are ; As time goes by ; Don&apos;t worry &apos;bout me ; Blue moon ; My foolish heart ; Laura ; Moonglow ; Over the rainbow ; Stormy weather ; Where or when -- v. 2. Angel eyes ; Autumn nocturne ; Body and soul ; But not for me ; I see your face before me ; It never entered my mind ; I&apos;ve got the world  on a string ; Mean to me ; My melancholy baby ; What are you doing the rest of your life  -- v. 3. Dancing on the ceiling ; Days of wine and roses ; Honeysuckle rose ; I&apos;ll get by ; Love is here to stay ; The more I see you ; &apos;S wonderful ; Skylark ; Smoke gets in your eyes ; While we&apos;re young -- v. 4. Ain&apos;t misbehavin&apos; ; Don&apos;t blame me ; I should care ; I&apos;ll be around ; I&apos;ll be seeing you ; Solitude ; Someone to watch over me ; Taking a chance on love ; That&apos;s all ; Willow weep for me -- v. 5. Chattanooga choo-choo ; Ill wind ; The man I love ; Manhattan ; My heart stood still ; Poor butterfly ; Spring is here ; Star dust ; A time for love ; You are too beautiful</subfield>
  </datafield>
  <datafield tag="500" ind1=" " ind2=" ">
    <subfield code="a">Publisher&apos;s no.: 974055 (v. 1), 977835 (v. 3), 981357 (v. 5)</subfield>
  </datafield>
  <datafield tag="650" ind1=" " ind2="0">
    <subfield code="a">Piano music, Arranged.</subfield>
  </datafield>
  <datafield tag="650" ind1=" " ind2="0">
    <subfield code="a">Songs with piano.</subfield>
  </datafield>
  <datafield tag="650" ind1=" " ind2="0">
    <subfield code="a">Piano music (Jazz)</subfield>
  </datafield>
  <datafield tag="650" ind1=" " ind2="0">
    <subfield code="a">Songs</subfield>
    <subfield code="v">Instrumental settings.</subfield>
  </datafield>
  <datafield tag="700" ind1="1" ind2=" ">
    <subfield code="a">Shanaphy, Edward J.</subfield>
  </datafield>
</record>