
<record>
  <leader>01833ccm a2200325 a 4500</leader>
  <controlfield tag="001">14695609</controlfield>
  <controlfield tag="005">20200104132558.0</controlfield>
  <controlfield tag="008">070112s2005    wiucrz|        n  | eng d</controlfield>
  <datafield tag="906" ind1=" " ind2=" ">
    <subfield code="a">7</subfield>
    <subfield code="b">cbc</subfield>
    <subfield code="c">copycat</subfield>
    <subfield code="d">3</subfield>
    <subfield code="e">ncip</subfield>
    <subfield code="f">20</subfield>
    <subfield code="g">y-genmusic</subfield>
  </datafield>
  <datafield tag="925" ind1="0" ind2=" ">
    <subfield code="a">acquire</subfield>
    <subfield code="b">1 shelf copy</subfield>
    <subfield code="x">policy default</subfield>
  </datafield>
  <datafield tag="955" ind1=" " ind2=" ">
    <subfield code="a">vl00 2007-01-12 z-client</subfield>
    <subfield code="i">vl15 2007-01-12</subfield>
    <subfield code="e">vn34 2007-01-18 c. 1 &amp; 2 to Music Division</subfield>
  </datafield>
  <datafield tag="010" ind1=" " ind2=" ">
    <subfield code="a">  2007561128</subfield>
  </datafield>
  <datafield tag="020" ind1=" " ind2=" ">
    <subfield code="a">1423404483</subfield>
  </datafield>
  <datafield tag="024" ind1="1" ind2=" ">
    <subfield code="a">073999451979</subfield>
  </datafield>
  <datafield tag="024" ind1="3" ind2=" ">
    <subfield code="a">9781423404484</subfield>
  </datafield>
  <datafield tag="028" ind1="3" ind2="2">
    <subfield code="a">HL00821037</subfield>
    <subfield code="b">Hal Leonard</subfield>
  </datafield>
  <datafield tag="035" ind1=" " ind2=" ">
    <subfield code="a">(OCoLC)ocm62387656</subfield>
  </datafield>
  <datafield tag="035" ind1=" " ind2=" ">
    <subfield code="a">(OCoLC)62387656</subfield>
  </datafield>
  <datafield tag="040" ind1=" " ind2=" ">
    <subfield code="a">JBU</subfield>
    <subfield code="c">JBU</subfield>
    <subfield code="d">BAKER</subfield>
    <subfield code="d">DLC</subfield>
  </datafield>
  <datafield tag="042" ind1=" " ind2=" ">
    <subfield code="a">lccopycat</subfield>
  </datafield>
  <datafield tag="050" ind1="0" ind2="0">
    <subfield code="a">M175.H3</subfield>
    <subfield code="b">C47 2005</subfield>
  </datafield>
  <datafield tag="245" ind1="0" ind2="0">
    <subfield code="a">Christmas classics for harmonica :</subfield>
    <subfield code="b">25 timeless melodies for easy harmonica /</subfield>
    <subfield code="c">arranged by Eric J. Plahna.</subfield>
  </datafield>
  <datafield tag="260" ind1=" " ind2=" ">
    <subfield code="a">Milwaukee, WI :</subfield>
    <subfield code="b">Hal Leonard,</subfield>
    <subfield code="c">c2005.</subfield>
  </datafield>
  <datafield tag="300" ind1=" " ind2=" ">
    <subfield code="a">34 p. of music ;</subfield>
    <subfield code="c">31 cm.</subfield>
  </datafield>
  <datafield tag="500" ind1=" " ind2=" ">
    <subfield code="a">Includes words; with chord symbols and harmonica tablature.</subfield>
  </datafield>
  <datafield tag="505" ind1="0" ind2="0">
    <subfield code="t">Angels from the realm of glory --</subfield>
    <subfield code="t">Angels we have hear on high --</subfield>
    <subfield code="t">As with gladness men of old --</subfield>
    <subfield code="t">Away in the manger --</subfield>
    <subfield code="t">Deck the halls --</subfield>
    <subfield code="t">Ding, dong! Merrily on high! --</subfield>
    <subfield code="t">First Noël --</subfield>
    <subfield code="t">God rest ye merry gentlemen --</subfield>
    <subfield code="t">Good Christian men, rejoice --</subfield>
    <subfield code="t">Good King Wenceslas --</subfield>
    <subfield code="t">Hark! The herald angels sing --</subfield>
    <subfield code="t">Holly and the ivy --</subfield>
    <subfield code="t">I saw three ships --</subfield>
    <subfield code="t">Jingle bells --</subfield>
    <subfield code="t">Jolly old Saint Nicholas --</subfield>
    <subfield code="t">Joy to the world --</subfield>
    <subfield code="t">O come, all ye faithful (Adeste fideles) --</subfield>
    <subfield code="t">O come, O come, Emanuel --</subfield>
    <subfield code="t">O holy night --</subfield>
    <subfield code="t">O tannenbaum (O Christmas tree) --</subfield>
    <subfield code="t">Silent night --</subfield>
    <subfield code="t">Up on the housetop --</subfield>
    <subfield code="t">We three Kings of Orient are --</subfield>
    <subfield code="t">We wish you a merry Christmas --</subfield>
    <subfield code="t">While shephards watched their flocks.</subfield>
  </datafield>
  <datafield tag="650" ind1=" " ind2="0">
    <subfield code="a">Harmonica music, Arranged</subfield>
    <subfield code="v">Scores.</subfield>
  </datafield>
  <datafield tag="650" ind1=" " ind2="0">
    <subfield code="a">Christmas music.</subfield>
  </datafield>
  <datafield tag="650" ind1=" " ind2="0">
    <subfield code="a">Carols</subfield>
    <subfield code="v">Instrumental settings.</subfield>
  </datafield>
  <datafield tag="700" ind1="1" ind2=" ">
    <subfield code="a">Plahna, Eric J.</subfield>
    <subfield code="4">arr</subfield>
  </datafield>
</record>