
<record>
  <leader>01232ccm a22002537a 4500</leader>
  <controlfield tag="001">14695667</controlfield>
  <controlfield tag="005">20200104155823.0</controlfield>
  <controlfield tag="008">070112s2006    moucrz|        n  | zxx  </controlfield>
  <datafield tag="906" ind1=" " ind2=" ">
    <subfield code="a">7</subfield>
    <subfield code="b">cbc</subfield>
    <subfield code="c">orignew</subfield>
    <subfield code="d">3</subfield>
    <subfield code="e">ncip</subfield>
    <subfield code="f">20</subfield>
    <subfield code="g">y-genmusic</subfield>
  </datafield>
  <datafield tag="925" ind1="0" ind2=" ">
    <subfield code="a">Acquire</subfield>
    <subfield code="b">1 shelf copy</subfield>
    <subfield code="x">policy default</subfield>
  </datafield>
  <datafield tag="955" ind1=" " ind2=" ">
    <subfield code="a">vl00 2007-01-12</subfield>
    <subfield code="i">vl15 2007-01-12</subfield>
    <subfield code="e">vk05 2007-01-17 to Music Division 2 copies</subfield>
  </datafield>
  <datafield tag="010" ind1=" " ind2=" ">
    <subfield code="a">  2007561127</subfield>
  </datafield>
  <datafield tag="020" ind1=" " ind2=" ">
    <subfield code="a">0834175304</subfield>
  </datafield>
  <datafield tag="024" ind1="1" ind2=" ">
    <subfield code="a">9780834175303</subfield>
  </datafield>
  <datafield tag="040" ind1=" " ind2=" ">
    <subfield code="a">DLC</subfield>
    <subfield code="c">DLC</subfield>
  </datafield>
  <datafield tag="050" ind1="0" ind2="0">
    <subfield code="a">M38.5</subfield>
    <subfield code="b">.G</subfield>
  </datafield>
  <datafield tag="245" ind1="0" ind2="0">
    <subfield code="a">Glory to the newborn King :</subfield>
    <subfield code="b">Christmas portraits for solo piano /</subfield>
    <subfield code="c">arranged by Steve Martin.</subfield>
  </datafield>
  <datafield tag="260" ind1=" " ind2=" ">
    <subfield code="a">Kansas City, MO :</subfield>
    <subfield code="b">Lillenas Pub. Co.,</subfield>
    <subfield code="c">c2006.</subfield>
  </datafield>
  <datafield tag="300" ind1=" " ind2=" ">
    <subfield code="a">40 p. of music ;</subfield>
    <subfield code="c">30 cm.</subfield>
  </datafield>
  <datafield tag="505" ind1="0" ind2=" ">
    <subfield code="a">Coventry carol : with Infant holy, infant lovely -- God rest ye merry, gentlemen -- Good christian men, rejoice -- Hark! the herald angels sing -- How great our joy! : with Joy to the world -- Jesus, o  what a wonderful child -- Lo, how a rose e&apos;er blooming -- Over the river and through the woods : with Jingle bells -- Silent night, holy night -- What child is this?</subfield>
  </datafield>
  <datafield tag="650" ind1=" " ind2="0">
    <subfield code="a">Piano music, Arranged.</subfield>
  </datafield>
  <datafield tag="650" ind1=" " ind2="0">
    <subfield code="a">Carols</subfield>
    <subfield code="v">Instrumental settings.</subfield>
  </datafield>
  <datafield tag="650" ind1=" " ind2="0">
    <subfield code="a">Christmas music.</subfield>
  </datafield>
  <datafield tag="700" ind1="1" ind2=" ">
    <subfield code="a">Martin, Steve</subfield>
    <subfield code="c">(Pianist)</subfield>
    <subfield code="4">arr</subfield>
  </datafield>
</record>