
<record>
  <leader>04337cas a2200805 a 4500</leader>
  <controlfield tag="001">14739495</controlfield>
  <controlfield tag="005">20200104075808.0</controlfield>
  <controlfield tag="008">050629d20052012gw  x p       0    0eng c</controlfield>
  <datafield tag="010" ind1=" " ind2=" ">
    <subfield code="a">  2007219025</subfield>
    <subfield code="z">  2005922555</subfield>
    <subfield code="z">  2005933892</subfield>
    <subfield code="z">  2005937051</subfield>
    <subfield code="z">  2006935571</subfield>
  </datafield>
  <datafield tag="015" ind1=" " ind2=" ">
    <subfield code="a">07,A10,1101</subfield>
    <subfield code="2">dnb</subfield>
  </datafield>
  <datafield tag="016" ind1="7" ind2=" ">
    <subfield code="a">027403572</subfield>
    <subfield code="2">DE-101</subfield>
  </datafield>
  <datafield tag="016" ind1="7" ind2=" ">
    <subfield code="a">2186301-5</subfield>
    <subfield code="2">DE-600</subfield>
  </datafield>
  <datafield tag="016" ind1="7" ind2=" ">
    <subfield code="a">101540710</subfield>
    <subfield code="2">DNLM</subfield>
  </datafield>
  <datafield tag="022" ind1=" " ind2=" ">
    <subfield code="a">1861-2075</subfield>
    <subfield code="l">1861-2075</subfield>
    <subfield code="y">0302-9743</subfield>
  </datafield>
  <datafield tag="035" ind1=" " ind2=" ">
    <subfield code="a">(OCoLC)ocm60770951 </subfield>
  </datafield>
  <datafield tag="040" ind1=" " ind2=" ">
    <subfield code="a">TXH</subfield>
    <subfield code="b">eng</subfield>
    <subfield code="c">TXH</subfield>
    <subfield code="d">C$Q</subfield>
    <subfield code="d">CUS</subfield>
    <subfield code="d">IUL</subfield>
    <subfield code="d">CUS</subfield>
    <subfield code="d">DLC</subfield>
    <subfield code="d">CUS</subfield>
    <subfield code="d">DLC</subfield>
    <subfield code="d">WAU</subfield>
    <subfield code="d">CUS</subfield>
    <subfield code="d">UMC</subfield>
    <subfield code="d">CUS</subfield>
    <subfield code="d">DEBBG</subfield>
    <subfield code="d">GBVCP</subfield>
    <subfield code="d">OCLCQ</subfield>
    <subfield code="d">GWDNB</subfield>
    <subfield code="d">CUS</subfield>
    <subfield code="d">NLM</subfield>
    <subfield code="d">OCLCQ</subfield>
    <subfield code="d">OCLCF</subfield>
    <subfield code="d">CUS</subfield>
    <subfield code="d">OCLCQ</subfield>
    <subfield code="d">OCLCO</subfield>
    <subfield code="d">NLM</subfield>
  </datafield>
  <datafield tag="042" ind1=" " ind2=" ">
    <subfield code="a">pcc</subfield>
  </datafield>
  <datafield tag="050" ind1="0" ind2="0">
    <subfield code="a">QH506</subfield>
    <subfield code="b">.T7323</subfield>
  </datafield>
  <datafield tag="060" ind1="0" ind2="0">
    <subfield code="a">W1 TR2274</subfield>
  </datafield>
  <datafield tag="245" ind1="0" ind2="0">
    <subfield code="a">Transactions on computational systems biology.</subfield>
  </datafield>
  <datafield tag="246" ind1="3" ind2="0">
    <subfield code="a">Computational systems biology</subfield>
  </datafield>
  <datafield tag="260" ind1=" " ind2=" ">
    <subfield code="a">Berlin ;</subfield>
    <subfield code="a">New York :</subfield>
    <subfield code="b">Springer,</subfield>
    <subfield code="c">©2005-©2012.</subfield>
  </datafield>
  <datafield tag="300" ind1=" " ind2=" ">
    <subfield code="a">volumes :</subfield>
    <subfield code="b">illustrations ;</subfield>
    <subfield code="c">24 cm</subfield>
  </datafield>
  <datafield tag="336" ind1=" " ind2=" ">
    <subfield code="a">text</subfield>
    <subfield code="b">txt</subfield>
    <subfield code="2">rdacontent</subfield>
  </datafield>
  <datafield tag="337" ind1=" " ind2=" ">
    <subfield code="a">unmediated</subfield>
    <subfield code="b">n</subfield>
    <subfield code="2">rdamedia</subfield>
  </datafield>
  <datafield tag="338" ind1=" " ind2=" ">
    <subfield code="a">volume</subfield>
    <subfield code="b">nc</subfield>
    <subfield code="2">rdacarrier</subfield>
  </datafield>
  <datafield tag="362" ind1="0" ind2=" ">
    <subfield code="a">1-</subfield>
  </datafield>
  <datafield tag="362" ind1="1" ind2=" ">
    <subfield code="a">Ceased with no. XIV (2012)</subfield>
  </datafield>
  <datafield tag="490" ind1="1" ind2=" ">
    <subfield code="a">Lecture notes in bioinformatics</subfield>
  </datafield>
  <datafield tag="490" ind1="1" ind2=" ">
    <subfield code="a">Lecture notes in computer science,</subfield>
    <subfield code="x">0302-9743.</subfield>
    <subfield code="a">Journal subline</subfield>
  </datafield>
  <datafield tag="500" ind1=" " ind2=" ">
    <subfield code="a">Editor: 1- Corrado Priami.</subfield>
  </datafield>
  <datafield tag="500" ind1=" " ind2=" ">
    <subfield code="a">Vols. 4-6 cataloged separately in LC.</subfield>
    <subfield code="5">DLC</subfield>
  </datafield>
  <datafield tag="530" ind1=" " ind2=" ">
    <subfield code="a">Also issued online.</subfield>
  </datafield>
  <datafield tag="588" ind1=" " ind2=" ">
    <subfield code="a">Latest issue consulted: 4, published in 2006.</subfield>
  </datafield>
  <datafield tag="650" ind1=" " ind2="0">
    <subfield code="a">Computational biology</subfield>
    <subfield code="v">Periodicals.</subfield>
  </datafield>
  <datafield tag="650" ind1=" " ind2="0">
    <subfield code="a">Bioinformatics</subfield>
    <subfield code="v">Periodicals.</subfield>
  </datafield>
  <datafield tag="650" ind1=" " ind2="7">
    <subfield code="a">Bioinformatics.</subfield>
    <subfield code="2">fast</subfield>
    <subfield code="0">(OCoLC)fst00832181</subfield>
  </datafield>
  <datafield tag="650" ind1=" " ind2="7">
    <subfield code="a">Computational biology.</subfield>
    <subfield code="2">fast</subfield>
    <subfield code="0">(OCoLC)fst00871990</subfield>
  </datafield>
  <datafield tag="650" ind1=" " ind2="7">
    <subfield code="a">Systembiologie</subfield>
    <subfield code="2">gnd</subfield>
  </datafield>
  <datafield tag="650" ind1="1" ind2="2">
    <subfield code="a">Computational Biology.</subfield>
  </datafield>
  <datafield tag="650" ind1="2" ind2="2">
    <subfield code="a">Systems Biology.</subfield>
  </datafield>
  <datafield tag="655" ind1=" " ind2="4">
    <subfield code="a">Zeitschrift.</subfield>
  </datafield>
  <datafield tag="655" ind1=" " ind2="7">
    <subfield code="a">Periodicals.</subfield>
    <subfield code="2">fast</subfield>
    <subfield code="0">(OCoLC)fst01411641</subfield>
  </datafield>
  <datafield tag="655" ind1=" " ind2="7">
    <subfield code="a">Zeitschrift.</subfield>
    <subfield code="2">gnd</subfield>
  </datafield>
  <datafield tag="655" ind1=" " ind2="7">
    <subfield code="a">Zeitschrift.</subfield>
    <subfield code="2">swd</subfield>
  </datafield>
  <datafield tag="655" ind1=" " ind2="2">
    <subfield code="a">Periodical.</subfield>
  </datafield>
  <datafield tag="700" ind1="1" ind2=" ">
    <subfield code="a">Priami, Corrado.</subfield>
  </datafield>
  <datafield tag="776" ind1="0" ind2="8">
    <subfield code="i">Online version:</subfield>
    <subfield code="t">Transactions on computational systems biology</subfield>
    <subfield code="w">(OCoLC)689817898</subfield>
  </datafield>
  <datafield tag="830" ind1=" " ind2="0">
    <subfield code="a">Lecture notes in computer science.</subfield>
  </datafield>
  <datafield tag="830" ind1=" " ind2="0">
    <subfield code="a">Lecture notes in computer science.</subfield>
    <subfield code="p">Lecture notes in bioinformatics.</subfield>
  </datafield>
  <datafield tag="830" ind1=" " ind2="0">
    <subfield code="a">Lecture notes in computer science.</subfield>
    <subfield code="p">Journal subline.</subfield>
  </datafield>
  <datafield tag="850" ind1=" " ind2=" ">
    <subfield code="a">DLC</subfield>
  </datafield>
  <datafield tag="859" ind1="4" ind2="1">
    <subfield code="3">Vol. I</subfield>
    <subfield code="u">http://www.springerlink.com/openurl.asp?genre=issue&amp;issn=0302-9743&amp;volume=3380</subfield>
    <subfield code="z">Restricted to SpringerLink subscribers</subfield>
  </datafield>
  <datafield tag="859" ind1="4" ind2="1">
    <subfield code="3">Vol. II</subfield>
    <subfield code="u">http://www.springerlink.com/openurl.asp?genre=issue&amp;issn=0302-9743&amp;volume=3680</subfield>
    <subfield code="z">Restricted to SpringerLink subscribers</subfield>
  </datafield>
  <datafield tag="859" ind1="4" ind2="1">
    <subfield code="3">Vol. III</subfield>
    <subfield code="u">http://www.springerlink.com/openurl.asp?genre=issue&amp;issn=0302-9743&amp;volume=3737</subfield>
    <subfield code="z">Restricted to SpringerLink subscribers</subfield>
  </datafield>
  <datafield tag="859" ind1="4" ind2="1">
    <subfield code="3">Vol. IV</subfield>
    <subfield code="u">http://www.springerlink.com/openurl.asp?genre=issue&amp;issn=0302-9743&amp;volume=3939</subfield>
    <subfield code="z">Restricted to SpringerLink subscribers</subfield>
  </datafield>
  <datafield tag="859" ind1="4" ind2="1">
    <subfield code="3">Vol. V</subfield>
    <subfield code="u">http://www.springerlink.com/openurl.asp?genre=issue&amp;issn=0302-9743&amp;volume=4070</subfield>
    <subfield code="z">Restricted to SpringerLink subscribers</subfield>
  </datafield>
  <datafield tag="859" ind1="4" ind2="1">
    <subfield code="3">Vol. VI</subfield>
    <subfield code="u">http://www.springerlink.com/openurl.asp?genre=issue&amp;issn=0302-9743&amp;volume=4220</subfield>
    <subfield code="z">Restricted to SpringerLink subscribers</subfield>
  </datafield>
  <datafield tag="859" ind1="4" ind2="1">
    <subfield code="3">Vol. VII</subfield>
    <subfield code="u">http://www.springerlink.com/openurl.asp?genre=issue&amp;issn=0302-9743&amp;volume=4230</subfield>
    <subfield code="z">Restricted to SpringerLink subscribers</subfield>
  </datafield>
  <datafield tag="859" ind1="4" ind2="1">
    <subfield code="3">Vol. VIII</subfield>
    <subfield code="u">http://www.springerlink.com/openurl.asp?genre=issue&amp;issn=0302-9743&amp;volume=4780</subfield>
    <subfield code="z">Restricted to SpringerLink subscribers</subfield>
  </datafield>
  <datafield tag="859" ind1="4" ind2="1">
    <subfield code="3">Vol. IX</subfield>
    <subfield code="u">https://doi.org/10.1007/978-3-540-88765-2</subfield>
    <subfield code="z">Restricted to SpringerLink subscribers</subfield>
  </datafield>
  <datafield tag="859" ind1="4" ind2="1">
    <subfield code="3">Vol. X</subfield>
    <subfield code="u">https://doi.org/10.1007/978-3-540-92273-5</subfield>
    <subfield code="z">Restricted to SpringerLink subscribers</subfield>
  </datafield>
  <datafield tag="859" ind1="4" ind2="1">
    <subfield code="3">Vol. XI</subfield>
    <subfield code="u">https://doi.org/10.1007/978-3-642-04186-0</subfield>
    <subfield code="z">Restricted to SpringerLink subscribers</subfield>
  </datafield>
  <datafield tag="859" ind1="4" ind2="1">
    <subfield code="3">Vol. XII</subfield>
    <subfield code="u">https://doi.org/10.1007/978-3-642-11712-1</subfield>
    <subfield code="z">Restricted to SpringerLink subscribers</subfield>
  </datafield>
  <datafield tag="859" ind1="4" ind2="1">
    <subfield code="3">Vol. XIII</subfield>
    <subfield code="u">https://doi.org/10.1007/978-3-642-19748-2</subfield>
    <subfield code="z">Restricted to SpringerLink subscribers</subfield>
  </datafield>
  <datafield tag="859" ind1="4" ind2="1">
    <subfield code="3">Vol. XIV</subfield>
    <subfield code="u">https://doi.org/10.1007/978-3-642-35524-0</subfield>
    <subfield code="z">Restricted to SpringerLink subscribers</subfield>
  </datafield>
  <datafield tag="859" ind1="4" ind2="1">
    <subfield code="u">http://www.springer.com/series/7322</subfield>
  </datafield>
  <datafield tag="906" ind1=" " ind2=" ">
    <subfield code="a">7</subfield>
    <subfield code="b">cbc</subfield>
    <subfield code="c">serials</subfield>
    <subfield code="d">3</subfield>
    <subfield code="e">ncip</subfield>
    <subfield code="f">20</subfield>
    <subfield code="g">n-oclcserc</subfield>
  </datafield>
  <datafield tag="925" ind1="0" ind2=" ">
    <subfield code="a">Acquire</subfield>
    <subfield code="b">1 shelf copy</subfield>
    <subfield code="x">policy default 2007-02-20</subfield>
  </datafield>
  <datafield tag="955" ind1=" " ind2=" ">
    <subfield code="a">dg01 2007-02-20</subfield>
    <subfield code="c">dg01 2007-02-20</subfield>
    <subfield code="a">Barcode 00239405927 returned from bindery 2009-06-05</subfield>
  </datafield>
</record>