
<record>
  <leader>02220cas a2200433 a 4500</leader>
  <controlfield tag="001">14896280</controlfield>
  <controlfield tag="005">20200104075807.0</controlfield>
  <controlfield tag="008">040730c20009999ru qx p       0    0rusoc</controlfield>
  <datafield tag="010" ind1=" " ind2=" ">
    <subfield code="a">  2004234908</subfield>
  </datafield>
  <datafield tag="022" ind1=" " ind2=" ">
    <subfield code="a">2312-377X</subfield>
    <subfield code="l">2312-377X</subfield>
  </datafield>
  <datafield tag="035" ind1=" " ind2=" ">
    <subfield code="a">(OCoLC)ocm56061587 </subfield>
  </datafield>
  <datafield tag="040" ind1=" " ind2=" ">
    <subfield code="a">HLS</subfield>
    <subfield code="b">eng</subfield>
    <subfield code="c">HLS</subfield>
    <subfield code="d">DLC</subfield>
    <subfield code="d">OCLCQ</subfield>
    <subfield code="d">OCLCF</subfield>
    <subfield code="d">OCLCO</subfield>
    <subfield code="d">HLS</subfield>
    <subfield code="d">DLC</subfield>
    <subfield code="d">OCL</subfield>
    <subfield code="d">HLS</subfield>
  </datafield>
  <datafield tag="042" ind1=" " ind2=" ">
    <subfield code="a">pcc</subfield>
  </datafield>
  <datafield tag="043" ind1=" " ind2=" ">
    <subfield code="a">e-ru---</subfield>
  </datafield>
  <datafield tag="050" ind1="0" ind2="0">
    <subfield code="a">DK501.A2</subfield>
    <subfield code="b">S485</subfield>
  </datafield>
  <datafield tag="066" ind1=" " ind2=" ">
    <subfield code="c">(N</subfield>
  </datafield>
  <datafield tag="245" ind1="0" ind2="0">
    <subfield code="6">880-01</subfield>
    <subfield code="a">Severnyĭ region.</subfield>
  </datafield>
  <datafield tag="246" ind1="1" ind2="3">
    <subfield code="6">880-02</subfield>
    <subfield code="a">Severnyĭ region, nauka, obrazovanie, kulʹtura</subfield>
  </datafield>
  <datafield tag="260" ind1=" " ind2=" ">
    <subfield code="6">880-03</subfield>
    <subfield code="a">Surgut :</subfield>
    <subfield code="b">Surgutskiĭ gosudarstvennyĭ universitet</subfield>
  </datafield>
  <datafield tag="300" ind1=" " ind2=" ">
    <subfield code="a">v. ;</subfield>
    <subfield code="c">25 cm.</subfield>
  </datafield>
  <datafield tag="310" ind1=" " ind2=" ">
    <subfield code="a">Four times a year,</subfield>
    <subfield code="b">2018-</subfield>
  </datafield>
  <datafield tag="321" ind1=" " ind2=" ">
    <subfield code="a">Twice a year,</subfield>
    <subfield code="b">-2017</subfield>
  </datafield>
  <datafield tag="362" ind1="1" ind2=" ">
    <subfield code="a">Began in 2000.</subfield>
  </datafield>
  <datafield tag="515" ind1=" " ind2=" ">
    <subfield code="a">Vols. for &lt;2002, no 2-2015, no 2&gt; also called; &lt;6-32&gt;</subfield>
  </datafield>
  <datafield tag="515" ind1=" " ind2=" ">
    <subfield code="a">2015, 2 issued in 4 parts.</subfield>
  </datafield>
  <datafield tag="588" ind1=" " ind2=" ">
    <subfield code="a">Description based on: 2002, no 2.</subfield>
  </datafield>
  <datafield tag="588" ind1=" " ind2=" ">
    <subfield code="a">Latest issue consulted: 2015, no 2.</subfield>
  </datafield>
  <datafield tag="651" ind1=" " ind2="0">
    <subfield code="a">Russia, Northern</subfield>
    <subfield code="x">Civilization</subfield>
    <subfield code="v">Periodicals.</subfield>
  </datafield>
  <datafield tag="650" ind1=" " ind2="7">
    <subfield code="a">Civilization.</subfield>
    <subfield code="2">fast</subfield>
    <subfield code="0">(OCoLC)fst00862898</subfield>
  </datafield>
  <datafield tag="651" ind1=" " ind2="7">
    <subfield code="a">Northern Russia.</subfield>
    <subfield code="2">fast</subfield>
    <subfield code="0">(OCoLC)fst01692646</subfield>
  </datafield>
  <datafield tag="655" ind1=" " ind2="7">
    <subfield code="a">Periodicals.</subfield>
    <subfield code="2">fast</subfield>
    <subfield code="0">(OCoLC)fst01411641</subfield>
  </datafield>
  <datafield tag="710" ind1="2" ind2=" ">
    <subfield code="a">Surgutskiĭ gosudarstvennyĭ universitet.</subfield>
  </datafield>
  <datafield tag="850" ind1=" " ind2=" ">
    <subfield code="a">DLC</subfield>
  </datafield>
  <datafield tag="880" ind1="0" ind2="0">
    <subfield code="6">245-01/(N</subfield>
    <subfield code="a">Северный регион.</subfield>
  </datafield>
  <datafield tag="880" ind1="1" ind2="3">
    <subfield code="6">246-02/(N</subfield>
    <subfield code="a">Северный регион, наука, образование, культура</subfield>
  </datafield>
  <datafield tag="880" ind1=" " ind2=" ">
    <subfield code="6">260-03/(N</subfield>
    <subfield code="a">Сургут :</subfield>
    <subfield code="b">Сургутский государственный университет</subfield>
  </datafield>
  <datafield tag="906" ind1=" " ind2=" ">
    <subfield code="a">7</subfield>
    <subfield code="b">cbc</subfield>
    <subfield code="c">serials</subfield>
    <subfield code="d">3</subfield>
    <subfield code="e">ncip</subfield>
    <subfield code="f">20</subfield>
    <subfield code="g">n-oclcserc</subfield>
  </datafield>
  <datafield tag="925" ind1="0" ind2=" ">
    <subfield code="a">acquire</subfield>
    <subfield code="b">1 shelf copy</subfield>
    <subfield code="x">AC 2007-03-19</subfield>
  </datafield>
  <datafield tag="955" ind1=" " ind2=" ">
    <subfield code="a">ok31 2007-06-19 to SRD/CAT;</subfield>
    <subfield code="i">da55 2007-07-26;</subfield>
    <subfield code="e">da55 2007-07-26; to EUR</subfield>
    <subfield code="a">Barcode 00279813522 returned from bindery 2010-05-24</subfield>
    <subfield code="a">Barcode 00279813522 returned from bindery 2010-05-24</subfield>
    <subfield code="a">Barcode 00279813522 returned from bindery 2010-05-24</subfield>
    <subfield code="a">Barcode 00279813510 returned from bindery 2010-05-24</subfield>
    <subfield code="a">Barcode 00279813492 returned from bindery 2010-05-24</subfield>
    <subfield code="a">Barcode 00279813509 returned from bindery 2010-05-24</subfield>
    <subfield code="a">Barcode 00279813509 returned from bindery 2010-05-24</subfield>
    <subfield code="a">Barcode 00279813509 returned from bindery 2010-05-24</subfield>
    <subfield code="g">fe08 2016-08-09 vol. for 2011, 2013 to CALM</subfield>
  </datafield>
</record>