
<record>
  <leader>01242ccm a22002534a 4500</leader>
  <controlfield tag="001">15107738</controlfield>
  <controlfield tag="005">20200104162830.0</controlfield>
  <controlfield tag="008">071210s2006    mouhyz|        n  |      </controlfield>
  <datafield tag="906" ind1=" " ind2=" ">
    <subfield code="a">7</subfield>
    <subfield code="b">cbc</subfield>
    <subfield code="c">orignew</subfield>
    <subfield code="d">4</subfield>
    <subfield code="e">ncip</subfield>
    <subfield code="f">20</subfield>
    <subfield code="g">y-genmusic</subfield>
  </datafield>
  <datafield tag="925" ind1="0" ind2=" ">
    <subfield code="a">acquire</subfield>
    <subfield code="b">1 shelf copies</subfield>
    <subfield code="x">policy default</subfield>
  </datafield>
  <datafield tag="955" ind1=" " ind2=" ">
    <subfield code="a">vk00 2007-12-10</subfield>
    <subfield code="i">vk03 2007-12-10</subfield>
    <subfield code="e">vl12 2008-05-30 to Music Division</subfield>
  </datafield>
  <datafield tag="010" ind1=" " ind2=" ">
    <subfield code="a">  2007700888</subfield>
  </datafield>
  <datafield tag="020" ind1=" " ind2=" ">
    <subfield code="a">9780834175228</subfield>
  </datafield>
  <datafield tag="020" ind1=" " ind2=" ">
    <subfield code="a">0834175223</subfield>
  </datafield>
  <datafield tag="020" ind1=" " ind2=" ">
    <subfield code="a">9780834175228</subfield>
  </datafield>
  <datafield tag="040" ind1=" " ind2=" ">
    <subfield code="a">DLC</subfield>
    <subfield code="c">DLC</subfield>
  </datafield>
  <datafield tag="050" ind1="0" ind2="0">
    <subfield code="a">M38.5</subfield>
    <subfield code="b">.M</subfield>
  </datafield>
  <datafield tag="245" ind1="0" ind2="0">
    <subfield code="a">My father&apos;s world :</subfield>
    <subfield code="b">inspirational hymn settings for the piano soloist : advanced /</subfield>
    <subfield code="c">arranged by Susan Caudill.</subfield>
  </datafield>
  <datafield tag="260" ind1=" " ind2=" ">
    <subfield code="a">Kansas City, MO :</subfield>
    <subfield code="b">Lilenas,</subfield>
    <subfield code="c">c2006.</subfield>
  </datafield>
  <datafield tag="300" ind1=" " ind2=" ">
    <subfield code="a">62 p. of music ;</subfield>
    <subfield code="c">30 cm.</subfield>
  </datafield>
  <datafield tag="505" ind1="0" ind2=" ">
    <subfield code="a">This is my father&apos;s world : traditional English melody -- Be still and know / unknown -- For the beauty of the earth / Conrad Kocher -- How great thou art / Stuart K. Hine -- Amazing grace : Virginia harmony, 1831 -- Great is thy faithfulness / William M. Runyan -- Whiter than snow / William G. Fischer -- It is well with my soul / Philip P. Bliss --  Abide with me / William Monk.</subfield>
  </datafield>
  <datafield tag="650" ind1=" " ind2="0">
    <subfield code="a">Piano music, Arranged.</subfield>
  </datafield>
  <datafield tag="650" ind1=" " ind2="0">
    <subfield code="a">Hymns</subfield>
    <subfield code="v">Instrumental settings.</subfield>
  </datafield>
  <datafield tag="700" ind1="1" ind2=" ">
    <subfield code="a">Caudill, Susan,</subfield>
    <subfield code="d">1952-</subfield>
    <subfield code="4">arr</subfield>
  </datafield>
</record>