
<record>
  <leader>02289cai a2200421 a 4500</leader>
  <controlfield tag="001">15322865</controlfield>
  <controlfield tag="005">20200104075810.0</controlfield>
  <controlfield tag="008">080609c20089999fluuu l      s0   a2eng  </controlfield>
  <datafield tag="010" ind1=" " ind2=" ">
    <subfield code="a">  2008614804</subfield>
  </datafield>
  <datafield tag="020" ind1=" " ind2=" ">
    <subfield code="a">9781422450352</subfield>
    <subfield code="q">(loose-leaf)</subfield>
  </datafield>
  <datafield tag="020" ind1=" " ind2=" ">
    <subfield code="a">142245035X</subfield>
    <subfield code="q">(loose-leaf)</subfield>
  </datafield>
  <datafield tag="035" ind1=" " ind2=" ">
    <subfield code="a">(OCoLC)ocn231403104</subfield>
  </datafield>
  <datafield tag="040" ind1=" " ind2=" ">
    <subfield code="a">DLC</subfield>
    <subfield code="b">eng</subfield>
    <subfield code="c">DLC</subfield>
    <subfield code="d">DLC</subfield>
    <subfield code="d">OCLCF</subfield>
    <subfield code="d">OCLCA</subfield>
    <subfield code="d">OCL</subfield>
    <subfield code="d">OCLCQ</subfield>
    <subfield code="d">OCLCA</subfield>
  </datafield>
  <datafield tag="042" ind1=" " ind2=" ">
    <subfield code="a">pcc</subfield>
  </datafield>
  <datafield tag="043" ind1=" " ind2=" ">
    <subfield code="a">n-us-fl</subfield>
  </datafield>
  <datafield tag="050" ind1="0" ind2="0">
    <subfield code="a">KFF583.A65</subfield>
    <subfield code="b">F522</subfield>
  </datafield>
  <datafield tag="110" ind1="1" ind2=" ">
    <subfield code="a">Florida.</subfield>
    <subfield code="b">Supreme Court.</subfield>
    <subfield code="b">Committee on Standard Jury Instructions in Criminal Cases.</subfield>
  </datafield>
  <datafield tag="245" ind1="1" ind2="0">
    <subfield code="a">Florida standard jury instructions in criminal cases /</subfield>
    <subfield code="c">the Supreme Court Committee on Standard Jury Instructions in Criminal Cases.</subfield>
  </datafield>
  <datafield tag="250" ind1=" " ind2=" ">
    <subfield code="a">6th ed.</subfield>
  </datafield>
  <datafield tag="260" ind1=" " ind2=" ">
    <subfield code="a">Tallahassee, FL :</subfield>
    <subfield code="b">Supreme Court of the State of Florida :</subfield>
    <subfield code="b">Florida Bar ;</subfield>
    <subfield code="a">[Place of publication not identified] :</subfield>
    <subfield code="b">[LexisNexis, distributor],</subfield>
    <subfield code="c">2008-</subfield>
  </datafield>
  <datafield tag="300" ind1=" " ind2=" ">
    <subfield code="a">volumes (loose-leaf) :</subfield>
    <subfield code="b">forms ;</subfield>
    <subfield code="c">24 cm +</subfield>
    <subfield code="e">1 CD-ROM (4 3/4 in.)</subfield>
  </datafield>
  <datafield tag="336" ind1=" " ind2=" ">
    <subfield code="a">text</subfield>
    <subfield code="b">txt</subfield>
    <subfield code="2">rdacontent</subfield>
  </datafield>
  <datafield tag="337" ind1=" " ind2=" ">
    <subfield code="a">unmediated</subfield>
    <subfield code="b">n</subfield>
    <subfield code="2">rdamedia</subfield>
  </datafield>
  <datafield tag="338" ind1=" " ind2=" ">
    <subfield code="a">volume</subfield>
    <subfield code="b">nc</subfield>
    <subfield code="2">rdacarrier</subfield>
  </datafield>
  <datafield tag="500" ind1=" " ind2=" ">
    <subfield code="a">Includes index.</subfield>
  </datafield>
  <datafield tag="650" ind1=" " ind2="0">
    <subfield code="a">Jury instructions</subfield>
    <subfield code="z">Florida</subfield>
    <subfield code="v">Forms.</subfield>
  </datafield>
  <datafield tag="650" ind1=" " ind2="0">
    <subfield code="a">Jury instructions</subfield>
    <subfield code="z">Florida.</subfield>
  </datafield>
  <datafield tag="650" ind1=" " ind2="0">
    <subfield code="a">Criminal procedure</subfield>
    <subfield code="z">Florida.</subfield>
  </datafield>
  <datafield tag="650" ind1=" " ind2="7">
    <subfield code="a">Criminal procedure.</subfield>
    <subfield code="2">fast</subfield>
    <subfield code="0">(OCoLC)fst00883421</subfield>
  </datafield>
  <datafield tag="650" ind1=" " ind2="7">
    <subfield code="a">Jury instructions.</subfield>
    <subfield code="2">fast</subfield>
    <subfield code="0">(OCoLC)fst00974367</subfield>
  </datafield>
  <datafield tag="651" ind1=" " ind2="7">
    <subfield code="a">Florida.</subfield>
    <subfield code="2">fast</subfield>
    <subfield code="0">(OCoLC)fst01205150</subfield>
  </datafield>
  <datafield tag="655" ind1=" " ind2="7">
    <subfield code="a">Blank forms.</subfield>
    <subfield code="2">fast</subfield>
    <subfield code="0">(OCoLC)fst01423816</subfield>
  </datafield>
  <datafield tag="776" ind1="0" ind2="8">
    <subfield code="i">Online version:</subfield>
    <subfield code="a">Florida. Supreme Court. Committee on Standard Jury Instructions in Criminal Cases.</subfield>
    <subfield code="t">Florida standard jury instructions in criminal cases</subfield>
    <subfield code="w">(OCoLC)1134619901</subfield>
  </datafield>
  <datafield tag="780" ind1="0" ind2="0">
    <subfield code="a">Florida. Supreme Court. Committee on Standard Jury Instructions in Criminal Cases.</subfield>
    <subfield code="t">Florida standard jury instructions in criminal cases.</subfield>
    <subfield code="b">5th ed.</subfield>
    <subfield code="z">0820576816</subfield>
    <subfield code="w">(DLC)  2005933575</subfield>
    <subfield code="w">(OCoLC)62793306</subfield>
  </datafield>
  <datafield tag="785" ind1="0" ind2="0">
    <subfield code="a">Florida. Supreme Court. Committee on Standard Jury Instructions in Criminal Cases.</subfield>
    <subfield code="t">Florida standard jury instructions in criminal cases.</subfield>
    <subfield code="b">7th ed.</subfield>
    <subfield code="z">9781422460771</subfield>
    <subfield code="w">(DLC)  2010217923</subfield>
    <subfield code="w">(OCoLC)435447201</subfield>
  </datafield>
  <datafield tag="906" ind1=" " ind2=" ">
    <subfield code="a">7</subfield>
    <subfield code="b">cbc</subfield>
    <subfield code="c">serials</subfield>
    <subfield code="d">2</subfield>
    <subfield code="e">ncip</subfield>
    <subfield code="f">20</subfield>
    <subfield code="g">n-oclcserc</subfield>
  </datafield>
  <datafield tag="925" ind1="0" ind2=" ">
    <subfield code="a">Acquire</subfield>
    <subfield code="b">1 shelf copy</subfield>
    <subfield code="x">KCC 2008-05-06</subfield>
  </datafield>
  <datafield tag="955" ind1=" " ind2=" ">
    <subfield code="a">sg09 2008-06-09</subfield>
    <subfield code="i">sg09 2008-06-09</subfield>
    <subfield code="e">sg09 2008-06-11 to LL</subfield>
    <subfield code="a">sg09 2008-09-11 CD-ROM to LL</subfield>
  </datafield>
</record>