
<record>
  <leader>01396ccm a2200337 a 4500</leader>
  <controlfield tag="001">15518381</controlfield>
  <controlfield tag="005">20200104115225.0</controlfield>
  <controlfield tag="008">081112s2006    moumuz|        n  | eng d</controlfield>
  <datafield tag="906" ind1=" " ind2=" ">
    <subfield code="a">7</subfield>
    <subfield code="b">cbc</subfield>
    <subfield code="c">copycat</subfield>
    <subfield code="d">2</subfield>
    <subfield code="e">ncip</subfield>
    <subfield code="f">20</subfield>
    <subfield code="g">y-genmusic</subfield>
  </datafield>
  <datafield tag="925" ind1="0" ind2=" ">
    <subfield code="a">acquire</subfield>
    <subfield code="b">1 shelf copy</subfield>
    <subfield code="x">policy default</subfield>
  </datafield>
  <datafield tag="955" ind1=" " ind2=" ">
    <subfield code="a">vl00 2008-11-12</subfield>
    <subfield code="a">vk67 2008-11-12 z-client</subfield>
    <subfield code="i">vk67 2008-11-12</subfield>
    <subfield code="e">vk67 2008-11-12 sound discs, c1-2, to MBRS for shelf labels</subfield>
    <subfield code="e">vl34 2008-11-25 c. 1 &amp; 2 to BCCD</subfield>
    <subfield code="e">qr25 2009-10-06 added shelf no. for c. 2 disc</subfield>
  </datafield>
  <datafield tag="010" ind1=" " ind2=" ">
    <subfield code="a">  2008564913</subfield>
  </datafield>
  <datafield tag="020" ind1=" " ind2=" ">
    <subfield code="a">9780786664832 (pbk.)</subfield>
  </datafield>
  <datafield tag="020" ind1=" " ind2=" ">
    <subfield code="a">0786664835 (pbk.)</subfield>
  </datafield>
  <datafield tag="024" ind1="1" ind2=" ">
    <subfield code="a">796279084949</subfield>
  </datafield>
  <datafield tag="028" ind1="3" ind2="2">
    <subfield code="a">MB20104</subfield>
    <subfield code="b">Mel Bay</subfield>
  </datafield>
  <datafield tag="035" ind1=" " ind2=" ">
    <subfield code="a">(OCoLC)ocn162502462</subfield>
  </datafield>
  <datafield tag="035" ind1=" " ind2=" ">
    <subfield code="a">(OCoLC)162502462</subfield>
  </datafield>
  <datafield tag="040" ind1=" " ind2=" ">
    <subfield code="a">AKD</subfield>
    <subfield code="c">AKD</subfield>
    <subfield code="d">BAKER</subfield>
    <subfield code="d">BTCTA</subfield>
    <subfield code="d">DLC</subfield>
  </datafield>
  <datafield tag="042" ind1=" " ind2=" ">
    <subfield code="a">lccopycat</subfield>
  </datafield>
  <datafield tag="050" ind1="0" ind2="0">
    <subfield code="a">M175.D84</subfield>
    <subfield code="b">J66 2006</subfield>
  </datafield>
  <datafield tag="050" ind1="0" ind2="0">
    <subfield code="a">ICD 39151, etc.</subfield>
  </datafield>
  <datafield tag="100" ind1="1" ind2=" ">
    <subfield code="a">Jones, Lorinda.</subfield>
  </datafield>
  <datafield tag="245" ind1="1" ind2="4">
    <subfield code="a">The Celtic collection :</subfield>
    <subfield code="b">mountain dulcimer /</subfield>
    <subfield code="c">by Lorinda Jones.</subfield>
  </datafield>
  <datafield tag="246" ind1="1" ind2=" ">
    <subfield code="i">At head of title:</subfield>
    <subfield code="a">Mel Bay presents</subfield>
  </datafield>
  <datafield tag="260" ind1=" " ind2=" ">
    <subfield code="a">Pacific, MO :</subfield>
    <subfield code="b">Mel Bay,</subfield>
    <subfield code="c">c2006.</subfield>
  </datafield>
  <datafield tag="300" ind1=" " ind2=" ">
    <subfield code="a">48 p. of music :</subfield>
    <subfield code="b">port. ;</subfield>
    <subfield code="c">27 cm. +</subfield>
    <subfield code="e">1 sound disc (digital ; 4 3/4 in.)</subfield>
  </datafield>
  <datafield tag="521" ind1=" " ind2=" ">
    <subfield code="a">Dulcimer; and modal arrangements for voice and dulcimer, with interlinear words, and additional verses printed as text; includes chord symbols.</subfield>
  </datafield>
  <datafield tag="650" ind1=" " ind2="0">
    <subfield code="a">Dulcimer music.</subfield>
  </datafield>
  <datafield tag="650" ind1=" " ind2="0">
    <subfield code="a">Celtic music.</subfield>
  </datafield>
  <datafield tag="650" ind1=" " ind2="0">
    <subfield code="a">Dulcimer</subfield>
    <subfield code="x">Instruction and study.</subfield>
  </datafield>
</record>