
<record>
  <leader>01807ccm a2200349 a 4500</leader>
  <controlfield tag="001">15598748</controlfield>
  <controlfield tag="005">20200104163145.0</controlfield>
  <controlfield tag="008">090126s2007    tnu  a|        n  | zxx d</controlfield>
  <datafield tag="906" ind1=" " ind2=" ">
    <subfield code="a">7</subfield>
    <subfield code="b">cbc</subfield>
    <subfield code="c">copycat</subfield>
    <subfield code="d">2</subfield>
    <subfield code="e">ncip</subfield>
    <subfield code="f">20</subfield>
    <subfield code="g">y-genmusic</subfield>
  </datafield>
  <datafield tag="925" ind1="0" ind2=" ">
    <subfield code="a">acquire</subfield>
    <subfield code="b">1 shelf copies</subfield>
    <subfield code="x">policy default</subfield>
  </datafield>
  <datafield tag="955" ind1=" " ind2=" ">
    <subfield code="a">vl00 2009-01-26</subfield>
    <subfield code="a">vk67 2009-01-26 z-client</subfield>
    <subfield code="i">vk67 2009-01-26</subfield>
    <subfield code="e">vl34 2009-02-05 c. 1 &amp; 2 to Music Division</subfield>
  </datafield>
  <datafield tag="010" ind1=" " ind2=" ">
    <subfield code="a">  2009535299</subfield>
  </datafield>
  <datafield tag="020" ind1=" " ind2=" ">
    <subfield code="a">9781592351800</subfield>
  </datafield>
  <datafield tag="020" ind1=" " ind2=" ">
    <subfield code="a">1592351808</subfield>
  </datafield>
  <datafield tag="024" ind1="1" ind2=" ">
    <subfield code="a">747510183518</subfield>
  </datafield>
  <datafield tag="028" ind1="2" ind2="2">
    <subfield code="a">HE5139</subfield>
    <subfield code="b">GlorySound</subfield>
  </datafield>
  <datafield tag="035" ind1=" " ind2=" ">
    <subfield code="a">(OCoLC)ocn166390101</subfield>
  </datafield>
  <datafield tag="035" ind1=" " ind2=" ">
    <subfield code="a">(OCoLC)166390101</subfield>
  </datafield>
  <datafield tag="040" ind1=" " ind2=" ">
    <subfield code="a">BTCTA</subfield>
    <subfield code="c">BTCTA</subfield>
    <subfield code="d">BAKER</subfield>
    <subfield code="d">GUA</subfield>
    <subfield code="d">QBX</subfield>
    <subfield code="d">DLC</subfield>
  </datafield>
  <datafield tag="042" ind1=" " ind2=" ">
    <subfield code="a">lccopycat</subfield>
  </datafield>
  <datafield tag="050" ind1="0" ind2="0">
    <subfield code="a">M38.5</subfield>
    <subfield code="b">.S</subfield>
  </datafield>
  <datafield tag="245" ind1="0" ind2="0">
    <subfield code="a">Sanctuary :</subfield>
    <subfield code="b">reflective piano arrangements with optional instrumental obbligatos /</subfield>
    <subfield code="c">[arranged] by Ruth Elaine Schram &amp; Walter Knapp.</subfield>
  </datafield>
  <datafield tag="260" ind1=" " ind2=" ">
    <subfield code="a">Nashville, TN :</subfield>
    <subfield code="b">GlorySound,</subfield>
    <subfield code="c">c2007.</subfield>
  </datafield>
  <datafield tag="300" ind1=" " ind2=" ">
    <subfield code="a">1 score (48 p.) ;</subfield>
    <subfield code="c">31 cm.</subfield>
  </datafield>
  <datafield tag="440" ind1=" " ind2="0">
    <subfield code="a">Piano plus</subfield>
  </datafield>
  <datafield tag="505" ind1="0" ind2=" ">
    <subfield code="a">It is well with my soul / Philip P. Bliss -- Spiritual medley (Steal away/Nobody knows the trouble I&apos;ve seen) -- Near to the heart of God / Cleveland B. McAfee -- What a friend we have in Jesus / Charlie C. Converse -- He hideth my soul / William J. Kirkpatrick -- Abide with me / William Henry Monk -- I need thee every hour / Robert Lowry -- Let us break bread together -- Be still, my soul / Jean Sibelius -- Sweet hour of prayer / William B. Bradbury.</subfield>
  </datafield>
  <datafield tag="650" ind1=" " ind2="0">
    <subfield code="a">Piano music, Arranged.</subfield>
  </datafield>
  <datafield tag="650" ind1=" " ind2="0">
    <subfield code="a">Hymns</subfield>
    <subfield code="v">Instrumental settings.</subfield>
  </datafield>
  <datafield tag="650" ind1=" " ind2="0">
    <subfield code="a">Duets (Unspecified instrument and piano), Arranged</subfield>
    <subfield code="v">Scores.</subfield>
  </datafield>
  <datafield tag="700" ind1="1" ind2=" ">
    <subfield code="a">Schram, Ruth Elaine.</subfield>
  </datafield>
  <datafield tag="700" ind1="1" ind2=" ">
    <subfield code="a">Knapp, Walter.</subfield>
  </datafield>
  <datafield tag="856" ind1="4" ind2="2">
    <subfield code="3">Optional instrumental obbligato parts available as free download (URL valid October 30, 2007)</subfield>
    <subfield code="u">http://www.shawneepress.com/instrumental</subfield>
  </datafield>
</record>