
<record>
  <leader>01025ccm a22002533a 4500</leader>
  <controlfield tag="001">15898535</controlfield>
  <controlfield tag="005">20200104163607.0</controlfield>
  <controlfield tag="008">090908s2006    moufmz|        n  | zxx  </controlfield>
  <datafield tag="906" ind1=" " ind2=" ">
    <subfield code="a">7</subfield>
    <subfield code="b">cbc</subfield>
    <subfield code="c">orignew</subfield>
    <subfield code="d">4</subfield>
    <subfield code="e">ncip</subfield>
    <subfield code="f">20</subfield>
    <subfield code="g">y-genmusic</subfield>
  </datafield>
  <datafield tag="925" ind1="0" ind2=" ">
    <subfield code="a">acquire</subfield>
    <subfield code="b">1 shelf copies</subfield>
    <subfield code="x">policy default</subfield>
  </datafield>
  <datafield tag="955" ind1=" " ind2=" ">
    <subfield code="a">vl00 2009-09-08</subfield>
    <subfield code="h">vl31 2009-09-08 printed music c. 1-2 to BCCD., SR c. 1 to MBRS for shelf label</subfield>
    <subfield code="a">Barcode 00247197990 returned from bindery 2009-10-07</subfield>
    <subfield code="a">Barcode 00247198003 returned from bindery 2009-10-08</subfield>
  </datafield>
  <datafield tag="010" ind1=" " ind2=" ">
    <subfield code="a">  2009542006</subfield>
  </datafield>
  <datafield tag="020" ind1=" " ind2=" ">
    <subfield code="a">0786649313</subfield>
  </datafield>
  <datafield tag="024" ind1="1" ind2=" ">
    <subfield code="a">796279063623</subfield>
  </datafield>
  <datafield tag="024" ind1="3" ind2=" ">
    <subfield code="a">9780786649310</subfield>
  </datafield>
  <datafield tag="028" ind1="3" ind2="2">
    <subfield code="a">MB96688BCD</subfield>
    <subfield code="b">Mel Bay</subfield>
  </datafield>
  <datafield tag="040" ind1=" " ind2=" ">
    <subfield code="a">DLC</subfield>
    <subfield code="c">DLC</subfield>
  </datafield>
  <datafield tag="050" ind1="0" ind2="0">
    <subfield code="a">M120</subfield>
    <subfield code="b">.S86 2006</subfield>
  </datafield>
  <datafield tag="245" ind1="0" ind2="0">
    <subfield code="a">String band classics :</subfield>
    <subfield code="b">banjo /</subfield>
    <subfield code="c">transcribed by Bob Flesher.</subfield>
  </datafield>
  <datafield tag="246" ind1="1" ind2=" ">
    <subfield code="i">Title appears on item as:</subfield>
    <subfield code="a">Mel Bay presents String band classics</subfield>
  </datafield>
  <datafield tag="260" ind1=" " ind2=" ">
    <subfield code="a">Pacific, MO :</subfield>
    <subfield code="b">Mel Bay,</subfield>
    <subfield code="c">c2006.</subfield>
  </datafield>
  <datafield tag="300" ind1=" " ind2=" ">
    <subfield code="a">48 p. of music ;</subfield>
    <subfield code="c">30 cm. +</subfield>
    <subfield code="e">1 sound disc (digital ; 4 3/4 in.)</subfield>
  </datafield>
  <datafield tag="500" ind1=" " ind2=" ">
    <subfield code="a">Brief record.</subfield>
  </datafield>
  <datafield tag="650" ind1=" " ind2="0">
    <subfield code="a">Banjo music (Bluegrass)</subfield>
  </datafield>
</record>