
<record>
  <leader>01733ccm a2200325 a 4500</leader>
  <controlfield tag="001">15937258</controlfield>
  <controlfield tag="005">20200104163253.0</controlfield>
  <controlfield tag="008">091008s2006    mouzzz|        n  | eng d</controlfield>
  <datafield tag="906" ind1=" " ind2=" ">
    <subfield code="a">7</subfield>
    <subfield code="b">cbc</subfield>
    <subfield code="c">copycat</subfield>
    <subfield code="d">2</subfield>
    <subfield code="e">ncip</subfield>
    <subfield code="f">20</subfield>
    <subfield code="g">y-genmusic</subfield>
  </datafield>
  <datafield tag="925" ind1="0" ind2=" ">
    <subfield code="a">acquire</subfield>
    <subfield code="b">1 shelf copies</subfield>
    <subfield code="x">policy default</subfield>
  </datafield>
  <datafield tag="955" ind1=" " ind2=" ">
    <subfield code="a">vl00 2009-10-08</subfield>
    <subfield code="a">vk67 2009-10-08 z-client</subfield>
    <subfield code="i">vk67 2009-10-08</subfield>
    <subfield code="e">vk67 2009-10-08 sound discs, c1-2, to MBRS for shelf labels</subfield>
    <subfield code="e">vl34 2010-01-11 to Music Division</subfield>
    <subfield code="t">vl34 2010-01-11 c. 2 to Music Division</subfield>
    <subfield code="a">Barcode 0024995522A returned from bindery 2010-03-19</subfield>
    <subfield code="a">Barcode 00249955218 returned from bindery 2010-03-19</subfield>
  </datafield>
  <datafield tag="010" ind1=" " ind2=" ">
    <subfield code="a">  2009543215</subfield>
  </datafield>
  <datafield tag="020" ind1=" " ind2=" ">
    <subfield code="a">9780786675975</subfield>
  </datafield>
  <datafield tag="020" ind1=" " ind2=" ">
    <subfield code="a">0786675977</subfield>
  </datafield>
  <datafield tag="024" ind1="1" ind2="0">
    <subfield code="a">796279103084</subfield>
  </datafield>
  <datafield tag="028" ind1="0" ind2="2">
    <subfield code="a">MB21362CD</subfield>
    <subfield code="b">Mel Bay</subfield>
  </datafield>
  <datafield tag="028" ind1="3" ind2="2">
    <subfield code="a">MB21362BCD</subfield>
    <subfield code="b">Mel Bay</subfield>
  </datafield>
  <datafield tag="035" ind1=" " ind2=" ">
    <subfield code="a">(OCoLC)ocn144217408</subfield>
  </datafield>
  <datafield tag="035" ind1=" " ind2=" ">
    <subfield code="a">(OCoLC)144217408</subfield>
  </datafield>
  <datafield tag="040" ind1=" " ind2=" ">
    <subfield code="a">BTCTA</subfield>
    <subfield code="c">BTCTA</subfield>
    <subfield code="d">BAKER</subfield>
    <subfield code="d">JED</subfield>
    <subfield code="d">GK8</subfield>
    <subfield code="d">DLC</subfield>
  </datafield>
  <datafield tag="042" ind1=" " ind2=" ">
    <subfield code="a">lccopycat</subfield>
  </datafield>
  <datafield tag="050" ind1="0" ind2="0">
    <subfield code="a">M125</subfield>
    <subfield code="b">.B467 2006</subfield>
  </datafield>
  <datafield tag="245" ind1="0" ind2="0">
    <subfield code="a">Best ragtime solos /</subfield>
    <subfield code="c">compiled by William Gangel ; edited by Steve Siktberg.</subfield>
  </datafield>
  <datafield tag="260" ind1=" " ind2=" ">
    <subfield code="a">Pacific, MO :</subfield>
    <subfield code="b">Mel Bay Publications,</subfield>
    <subfield code="c">c2006.</subfield>
  </datafield>
  <datafield tag="300" ind1=" " ind2=" ">
    <subfield code="a">71 p. of music ;</subfield>
    <subfield code="c">29 cm. +</subfield>
    <subfield code="e">1 sound disc (digital ;</subfield>
    <subfield code="c">4 3/4 in.)</subfield>
  </datafield>
  <datafield tag="440" ind1=" " ind2="0">
    <subfield code="a">Mel Bay guitar university series.</subfield>
    <subfield code="p">Fingerstyle curriculum</subfield>
  </datafield>
  <datafield tag="505" ind1="0" ind2="0">
    <subfield code="t">A real slow drag --</subfield>
    <subfield code="t">Atlanta rag --</subfield>
    <subfield code="t">Bill Bailey --</subfield>
    <subfield code="t">Blake&apos;s breakdown --</subfield>
    <subfield code="t">C rag --</subfield>
    <subfield code="t">Dallas rag --</subfield>
    <subfield code="t">The entertainer --</subfield>
    <subfield code="t">At a Georgia camp meeting --</subfield>
    <subfield code="t">Harlem rag --</subfield>
    <subfield code="t">Katz rag --</subfield>
    <subfield code="t">Mabel&apos;s dream --</subfield>
    <subfield code="t">Make believe stunt --</subfield>
    <subfield code="t">Maple leaf rag --</subfield>
    <subfield code="t">Ragtime mama blues --</subfield>
    <subfield code="t">Shake sugaree --</subfield>
    <subfield code="t">Silver swan --</subfield>
    <subfield code="t">Sister Kate --</subfield>
    <subfield code="t">Take a look at that baby --</subfield>
    <subfield code="t">Take your fingers off it.</subfield>
  </datafield>
  <datafield tag="650" ind1=" " ind2="0">
    <subfield code="a">Guitar music (Ragtime)</subfield>
  </datafield>
  <datafield tag="700" ind1="1" ind2=" ">
    <subfield code="a">Gangel, William.</subfield>
    <subfield code="4">cpl</subfield>
  </datafield>
  <datafield tag="700" ind1="1" ind2=" ">
    <subfield code="a">Siktberg, Stephen.</subfield>
    <subfield code="4">edt</subfield>
  </datafield>
</record>