
<record>
  <leader>04277ccm a2200361 a 4500</leader>
  <controlfield tag="001">16137448</controlfield>
  <controlfield tag="005">20200104085831.0</controlfield>
  <controlfield tag="008">100316s2006    mouuuz|        n  | zxx d</controlfield>
  <datafield tag="906" ind1=" " ind2=" ">
    <subfield code="a">7</subfield>
    <subfield code="b">cbc</subfield>
    <subfield code="c">copycat</subfield>
    <subfield code="d">2</subfield>
    <subfield code="e">ncip</subfield>
    <subfield code="f">20</subfield>
    <subfield code="g">y-genmusic</subfield>
  </datafield>
  <datafield tag="925" ind1="0" ind2=" ">
    <subfield code="a">acquire</subfield>
    <subfield code="b">1 shelf copy</subfield>
    <subfield code="x">policy default</subfield>
  </datafield>
  <datafield tag="955" ind1=" " ind2=" ">
    <subfield code="a">vl00 2010-03-16</subfield>
    <subfield code="a">vk67 2010-03-16 z-client</subfield>
    <subfield code="i">vk67 2010-03-16</subfield>
    <subfield code="e">vk67 2010-03-16 sound discs, c1-2, to MBRS for shelf labels</subfield>
    <subfield code="e">vk05 2010-04-29 to Music Division 2 copies</subfield>
    <subfield code="e">vl39 2010-05-05 to BCCD 2 copies</subfield>
    <subfield code="a">Barcode 0024890169A returned from bindery 2010-06-15</subfield>
    <subfield code="a">Barcode 00248901706 returned from bindery 2010-06-15</subfield>
  </datafield>
  <datafield tag="010" ind1=" " ind2=" ">
    <subfield code="a">  2010560214</subfield>
  </datafield>
  <datafield tag="020" ind1=" " ind2=" ">
    <subfield code="a">0786675195</subfield>
  </datafield>
  <datafield tag="020" ind1=" " ind2=" ">
    <subfield code="a">9780786675197</subfield>
  </datafield>
  <datafield tag="024" ind1="1" ind2=" ">
    <subfield code="a">796279102469</subfield>
  </datafield>
  <datafield tag="035" ind1=" " ind2=" ">
    <subfield code="a">(OCoLC)ocm86222625</subfield>
  </datafield>
  <datafield tag="035" ind1=" " ind2=" ">
    <subfield code="a">(OCoLC)86222625</subfield>
  </datafield>
  <datafield tag="040" ind1=" " ind2=" ">
    <subfield code="a">YHM</subfield>
    <subfield code="c">YHM</subfield>
    <subfield code="d">YHM</subfield>
    <subfield code="d">BAKER</subfield>
    <subfield code="d">BTCTA</subfield>
    <subfield code="d">OCLCQ</subfield>
    <subfield code="d">DLC</subfield>
  </datafield>
  <datafield tag="041" ind1="0" ind2=" ">
    <subfield code="a">zxx</subfield>
    <subfield code="g">eng</subfield>
  </datafield>
  <datafield tag="042" ind1=" " ind2=" ">
    <subfield code="a">lccopycat</subfield>
  </datafield>
  <datafield tag="043" ind1=" " ind2=" ">
    <subfield code="a">n-us---</subfield>
  </datafield>
  <datafield tag="050" ind1="0" ind2="0">
    <subfield code="a">M123.L48</subfield>
    <subfield code="b">O43 2006</subfield>
  </datafield>
  <datafield tag="100" ind1="1" ind2=" ">
    <subfield code="a">Levenson, Dan.</subfield>
  </datafield>
  <datafield tag="245" ind1="1" ind2="0">
    <subfield code="a">Old time festival tunes for clawhammer banjo /</subfield>
    <subfield code="c">by Dan Levenson.</subfield>
  </datafield>
  <datafield tag="246" ind1="1" ind2=" ">
    <subfield code="i">Title appears on items as:</subfield>
    <subfield code="a">Mel Bay presents Old time festival tunes for clawhammer banjo</subfield>
  </datafield>
  <datafield tag="260" ind1=" " ind2=" ">
    <subfield code="a">Pacific, MO :</subfield>
    <subfield code="b">Mel Bay Publications,</subfield>
    <subfield code="c">c2006.</subfield>
  </datafield>
  <datafield tag="300" ind1=" " ind2=" ">
    <subfield code="a">248 p. of music :</subfield>
    <subfield code="b">ill. ;</subfield>
    <subfield code="c">28 cm. +</subfield>
    <subfield code="e">2 sound discs (digital ; 4 3/4 in.)</subfield>
  </datafield>
  <datafield tag="500" ind1=" " ind2=" ">
    <subfield code="a">Traditional tunes arranged for banjo solo in tablature notation.</subfield>
  </datafield>
  <datafield tag="505" ind1="0" ind2=" ">
    <subfield code="a">Banjo tramp -- Big John McNeal -- Big Scioto -- Bill Cheatem -- Billy in the lowground -- Black eyed susie -- Black eyed suzie-anna -- Blackberry blossom -- Boatman -- Bonaparte crossing the Rhine -- Bonaparte&apos;s retreat 1 -- Bonaparte&apos;s retreat 2 -- Breakin&apos; up Christmas -- Broken down gambler -- Buffalo gals, in A -- Buffalo gals, common melody in G -- Bull at the wagon -- Camp chase -- Candy girl -- Cherokee shuffle, aka Lost Indian -- Chinese breakdown -- Cindy -- Colored aristocracy -- Cotton eyed Joe -- Crow Creek -- Cuckoo&apos;s nest -- Cuffy -- Dinah -- Dry and dusty -- Durang&apos;s hornpipe, old fiddlers&apos; version -- Durang&apos;s hornpipe, festival version -- Ed haley&apos;s lost Indian -- Mr. Fischar&apos;s hornpipe -- Flop eared mule -- Fly around my pretty little miss, aka Suzanna gal -- Flying Indian -- Georgia railroad -- Grasshopper sitting on a sweet potato vine -- Green Willis, aka The raw recruit -- Half past four -- Hangman&apos;s reel, in A -- Hangman&apos;s reel, in C -- Hollow poplar -- Icy mountain -- Indian eat the woodchuck -- Jaybird -- Jeff Sturgeon -- Jenny git around -- Jimmy in the swamp -- John Brown&apos;s dream -- John Brown&apos;s march -- John Henry -- John lover&apos;s gone -- John Stenson&apos;s #2 -- Johnny Cope -- Johnny don&apos;t get drunk -- Joke on the puppy, aka Rye straw -- Julianne Johnson -- Jump in the well my pretty little miss -- Jimp Jim Crow -- June apple -- Kansas City reel -- Kitchen girl -- Leather britches -- Liberty -- Little Billie Wilson -- Little rabbit -- Liza poor gal -- Logan County blues -- Lost Indian 1, straight major version -- Lost Indian 2, crooked modal version -- Lost Indian 3, in D, crooked -- Magpie -- Martha Campbell -- Mole in the ground, aka Tempy -- Monkey on a dogcart -- Muddy roads -- New five cents -- Nixon&apos;s farewell -- North Carolina breakdown -- Old bunch of keys -- Old Joe Clark 1, major -- Old Joe Clark 2, modal -- Old Mother Flanagan -- Pike&apos;s Peak, aka Rat cheese, or Natches under the hill -- Possum in a well -- Possum on a rail -- Quince Dillon&apos;s high D -- Rachael, aka Texas quickstep -- Ragtime Annie -- Railroading across the Rocky Mountains, aka Marmaduke&apos;s hornpipe -- Red haired boy -- Reuben&apos;s train -- Rochester schottische -- Rocky pallet -- Roscoe -- Rush and the pepper -- Saint Anne&apos;s reel -- Sally Anne Johnson -- Sandy boys, Burl Hammons&apos; version -- Sandy boys, Edden Hammons&apos; version -- Sandy River belle -- Sarah Armstrong&apos;s tune, aka Old reel -- Shuffle about -- Smith&apos;s reel -- Staten Island hornpipe -- Sugar in the gourd -- Texas gals -- Tom and Jerry -- Too young to marry, aka Sweet sixteen, aka My love is but a lass -- Wake up Susan -- Walking in my sleep -- Washington&apos;s march -- Ways of the world -- Whiskey before breakfast -- Whistling Rufus -- Yellow rose of Texas.</subfield>
  </datafield>
  <datafield tag="650" ind1=" " ind2="0">
    <subfield code="a">Banjo music, Arranged.</subfield>
  </datafield>
  <datafield tag="650" ind1=" " ind2="0">
    <subfield code="a">Banjo music.</subfield>
  </datafield>
  <datafield tag="650" ind1=" " ind2="0">
    <subfield code="a">Bluegrass music.</subfield>
  </datafield>
  <datafield tag="650" ind1=" " ind2="0">
    <subfield code="a">Folk music</subfield>
    <subfield code="z">United States.</subfield>
  </datafield>
</record>