
<record>
  <leader>02194ccm a22003134a 4500</leader>
  <controlfield tag="001">16204973</controlfield>
  <controlfield tag="005">20200104162928.0</controlfield>
  <controlfield tag="008">100427s2009    tnucra|        n  | zxx  </controlfield>
  <datafield tag="906" ind1=" " ind2=" ">
    <subfield code="a">7</subfield>
    <subfield code="b">cbc</subfield>
    <subfield code="c">orignew</subfield>
    <subfield code="d">3</subfield>
    <subfield code="e">ncip</subfield>
    <subfield code="f">20</subfield>
    <subfield code="g">y-genmusic</subfield>
  </datafield>
  <datafield tag="925" ind1="0" ind2=" ">
    <subfield code="a">acquire</subfield>
    <subfield code="b">1 shelf copies</subfield>
    <subfield code="x">policy default</subfield>
  </datafield>
  <datafield tag="955" ind1=" " ind2=" ">
    <subfield code="i">vk37 2010-04-27</subfield>
    <subfield code="e">vl34 2010-04-30 to Music Division</subfield>
    <subfield code="t">vl34 2010-04-30 c. 2 to Music Division</subfield>
    <subfield code="e">vl39 2010-05-05 to BCCD 2 copies</subfield>
    <subfield code="a">Barcode 00263239325 returned from bindery 2010-06-15</subfield>
    <subfield code="a">Barcode 00263239337 returned from bindery 2010-06-15</subfield>
  </datafield>
  <datafield tag="010" ind1=" " ind2=" ">
    <subfield code="a">  2010561331</subfield>
  </datafield>
  <datafield tag="020" ind1=" " ind2=" ">
    <subfield code="a">9781592352623</subfield>
  </datafield>
  <datafield tag="024" ind1="1" ind2=" ">
    <subfield code="a">747510192084</subfield>
  </datafield>
  <datafield tag="028" ind1="2" ind2="2">
    <subfield code="a">HE5143</subfield>
    <subfield code="b">GlorySound</subfield>
  </datafield>
  <datafield tag="040" ind1=" " ind2=" ">
    <subfield code="a">DLC</subfield>
    <subfield code="c">DLC</subfield>
  </datafield>
  <datafield tag="050" ind1="0" ind2="0">
    <subfield code="a">M38.5</subfield>
    <subfield code="b">.S</subfield>
  </datafield>
  <datafield tag="245" ind1="0" ind2="0">
    <subfield code="a">Snow falling on ivory :</subfield>
    <subfield code="b">seasonal piano solos with optional instruments.</subfield>
  </datafield>
  <datafield tag="260" ind1=" " ind2=" ">
    <subfield code="a">Nashville, TN :</subfield>
    <subfield code="b">GlorySound,</subfield>
    <subfield code="c">c2009.</subfield>
  </datafield>
  <datafield tag="300" ind1=" " ind2=" ">
    <subfield code="a">1 score (88 p.) ;</subfield>
    <subfield code="c">31 cm.</subfield>
  </datafield>
  <datafield tag="490" ind1="0" ind2=" ">
    <subfield code="a">Piano plus</subfield>
  </datafield>
  <datafield tag="500" ind1=" " ind2=" ">
    <subfield code="a">For piano with optional flute, recorder, pennywhistle, oboe, clarinet, violin, violoncello, bass, handbells, handchimes, cymbals, or hand drum.</subfield>
  </datafield>
  <datafield tag="500" ind1=" " ind2=" ">
    <subfield code="a">&quot;Instrumental parts can be downloaded for free at www.shawneepress.com/instrumental.&quot;</subfield>
  </datafield>
  <datafield tag="500" ind1=" " ind2=" ">
    <subfield code="a">Some arrangements include chord symbols.</subfield>
  </datafield>
  <datafield tag="505" ind1="0" ind2=" ">
    <subfield code="a">O come, o come Emmanuel / arr. Lloyd Larson -- Let all mortal flesh keep silence / arr. Lee Dengler -- Prelude in C major ; Ave Maria / arr. Mark Hayes -- It came upon a midnight clear / arr. Craig Curry -- Ding dong merrily on high / arr. Shirley Brendlinger -- Personent hodie / arr. Vicki Tucker Courtney -- Away in a manger / arr. Joseph M. Martin -- Infant holy, infant lowly with He is born / arr. Brant Adams -- Gesù bambino / arr. Heather Sorenson -- Dance at the manger / arr. Lee Dengler -- Wexford carol / arr. Vicki Collinsworth -- Three carols of comfort and joy / arr. Lee Dengler -- In the bleak midwinter / arr. Heather Sorenson -- He shall feed his flock like a shepherd with My shepherd will supply my need / arr. Shirley Brendlinger -- Go, tell it on the mountain / arr. Craig Curry.</subfield>
  </datafield>
  <datafield tag="650" ind1=" " ind2="0">
    <subfield code="a">Piano music, Arranged.</subfield>
  </datafield>
  <datafield tag="650" ind1=" " ind2="0">
    <subfield code="a">Carols</subfield>
    <subfield code="v">Instrumental settings.</subfield>
  </datafield>
  <datafield tag="650" ind1=" " ind2="0">
    <subfield code="a">Christmas music.</subfield>
  </datafield>
  <datafield tag="700" ind1="1" ind2=" ">
    <subfield code="a">Larson, Lloyd</subfield>
    <subfield code="q">(Lloyd Andrew),</subfield>
    <subfield code="d">1954-</subfield>
    <subfield code="4">arr</subfield>
  </datafield>
</record>