
<record>
  <leader>01728ccm a2200349 a 4500</leader>
  <controlfield tag="001">16274109</controlfield>
  <controlfield tag="005">20200104142523.0</controlfield>
  <controlfield tag="008">100609s2009    nyusuz|        n  | zxx d</controlfield>
  <datafield tag="906" ind1=" " ind2=" ">
    <subfield code="a">7</subfield>
    <subfield code="b">cbc</subfield>
    <subfield code="c">copycat</subfield>
    <subfield code="d">2</subfield>
    <subfield code="e">ncip</subfield>
    <subfield code="f">20</subfield>
    <subfield code="g">y-genmusic</subfield>
  </datafield>
  <datafield tag="925" ind1="0" ind2=" ">
    <subfield code="a">acquire</subfield>
    <subfield code="b">1 shelf copy</subfield>
    <subfield code="x">policy default</subfield>
  </datafield>
  <datafield tag="955" ind1=" " ind2=" ">
    <subfield code="a">vl26 2010-06-09 z-client</subfield>
    <subfield code="i">vl26 2010-06-09</subfield>
    <subfield code="a">vl26 2010-06-09 c. 2 added</subfield>
    <subfield code="a">vl26 2010-06-09 SR(s) to MBRS for shelf label</subfield>
    <subfield code="e">vl26 2010-06-21 c. 1 &amp; 2 to BCCD</subfield>
    <subfield code="a">Barcode 00308711687 returned from bindery 2010-08-13</subfield>
    <subfield code="a">Barcode 00308711675 returned from bindery 2010-08-16</subfield>
  </datafield>
  <datafield tag="010" ind1=" " ind2=" ">
    <subfield code="a">  2010561866</subfield>
  </datafield>
  <datafield tag="020" ind1=" " ind2=" ">
    <subfield code="a">9781423483236</subfield>
  </datafield>
  <datafield tag="020" ind1=" " ind2=" ">
    <subfield code="a">1423483235</subfield>
  </datafield>
  <datafield tag="028" ind1="3" ind2="2">
    <subfield code="a">HL884088410193</subfield>
  </datafield>
  <datafield tag="028" ind1="3" ind2="0">
    <subfield code="a">HL 50489937</subfield>
  </datafield>
  <datafield tag="035" ind1=" " ind2=" ">
    <subfield code="a">(OCoLC)ocn444747468</subfield>
  </datafield>
  <datafield tag="035" ind1=" " ind2=" ">
    <subfield code="a">(OCoLC)444747468</subfield>
    <subfield code="z">(OCoLC)428027948</subfield>
  </datafield>
  <datafield tag="040" ind1=" " ind2=" ">
    <subfield code="a">NUI</subfield>
    <subfield code="c">NUI</subfield>
    <subfield code="d">NUI</subfield>
    <subfield code="d">BTCTA</subfield>
    <subfield code="d">DLC</subfield>
  </datafield>
  <datafield tag="042" ind1=" " ind2=" ">
    <subfield code="a">lccopycat</subfield>
  </datafield>
  <datafield tag="050" ind1="0" ind2="0">
    <subfield code="a">M208.C434</subfield>
    <subfield code="b">N8 2009</subfield>
  </datafield>
  <datafield tag="100" ind1="1" ind2=" ">
    <subfield code="a">Tchaikovsky, Peter Ilich,</subfield>
    <subfield code="d">1840-1893.</subfield>
  </datafield>
  <datafield tag="240" ind1="1" ind2="0">
    <subfield code="a">Shchelkunchik.</subfield>
    <subfield code="p">Suite;</subfield>
    <subfield code="o">arranged</subfield>
  </datafield>
  <datafield tag="245" ind1="1" ind2="4">
    <subfield code="a">The Nutcracker Suite, Op. 71a :</subfield>
    <subfield code="b">arranged for piano, four-hands /</subfield>
    <subfield code="c">Tchaikovsky ; arranged by E. Langer, edited by Constantin Sternberg.</subfield>
  </datafield>
  <datafield tag="260" ind1=" " ind2=" ">
    <subfield code="a">New York :</subfield>
    <subfield code="b">Schirmer ;</subfield>
    <subfield code="a">Milwaukee :</subfield>
    <subfield code="b">Hal Leonard [dist.],</subfield>
    <subfield code="c">c2009.</subfield>
  </datafield>
  <datafield tag="300" ind1=" " ind2=" ">
    <subfield code="a">1 score (72 p.) ;</subfield>
    <subfield code="c">31 cm. +</subfield>
    <subfield code="e">1 sound disc (digital ; 4 3/4 in.)</subfield>
  </datafield>
  <datafield tag="490" ind1="1" ind2=" ">
    <subfield code="a">Schirmer&apos;s library of musical classics;</subfield>
    <subfield code="v">2082</subfield>
  </datafield>
  <datafield tag="500" ind1=" " ind2=" ">
    <subfield code="a">&quot;Cd features performances and play-along tracks of primo part only and secondo part only; on the recording: Wilanna Kalkhof, primo and Stefanie Jacob, secondo.&quot;</subfield>
  </datafield>
  <datafield tag="650" ind1=" " ind2="0">
    <subfield code="a">Suites (Piano, 4 hands), Arranged.</subfield>
  </datafield>
  <datafield tag="700" ind1="1" ind2=" ">
    <subfield code="a">Langer, Ė.</subfield>
    <subfield code="q">(Ėduard),</subfield>
    <subfield code="d">1835-1905.</subfield>
  </datafield>
  <datafield tag="700" ind1="1" ind2=" ">
    <subfield code="a">Sternberg, Constantin von,</subfield>
    <subfield code="d">1852-1924.</subfield>
  </datafield>
  <datafield tag="830" ind1=" " ind2="0">
    <subfield code="a">Schirmer&apos;s library of musical classics;</subfield>
    <subfield code="v">2082</subfield>
  </datafield>
</record>