
<record>
  <leader>02024ccm a2200325 a 4500</leader>
  <controlfield tag="001">16371370</controlfield>
  <controlfield tag="005">20200104091923.0</controlfield>
  <controlfield tag="008">100802s2009    xx ||a|  s     n  | zxx d</controlfield>
  <datafield tag="906" ind1=" " ind2=" ">
    <subfield code="a">7</subfield>
    <subfield code="b">cbc</subfield>
    <subfield code="c">copycat</subfield>
    <subfield code="d">2</subfield>
    <subfield code="e">ncip</subfield>
    <subfield code="f">20</subfield>
    <subfield code="g">y-genmusic</subfield>
  </datafield>
  <datafield tag="925" ind1="0" ind2=" ">
    <subfield code="a">acquire</subfield>
    <subfield code="b">1 shelf copy</subfield>
    <subfield code="x">policy default</subfield>
  </datafield>
  <datafield tag="955" ind1=" " ind2=" ">
    <subfield code="a">vl00 2010-08-02</subfield>
    <subfield code="a">vk67 2010-08-02 z-client</subfield>
    <subfield code="i">vk67 2010-08-02</subfield>
    <subfield code="e">vk67 2010-08-02 CD-ROMS, c1, to Music Div., CD-ROMs , c2, to Surplus</subfield>
    <subfield code="e">vl34 2010-08-13 to Music Division</subfield>
    <subfield code="t">vl34 2010-08-13 c. 2 to Music Division</subfield>
    <subfield code="e">vl39 2010-08-20 to BCCD 2 copies</subfield>
  </datafield>
  <datafield tag="010" ind1=" " ind2=" ">
    <subfield code="a">  2010561948</subfield>
  </datafield>
  <datafield tag="020" ind1=" " ind2=" ">
    <subfield code="a">9781423406662</subfield>
  </datafield>
  <datafield tag="020" ind1=" " ind2=" ">
    <subfield code="a">1423406664</subfield>
  </datafield>
  <datafield tag="024" ind1="1" ind2=" ">
    <subfield code="a">884088009854</subfield>
  </datafield>
  <datafield tag="028" ind1="3" ind2="2">
    <subfield code="a">HL50486152</subfield>
    <subfield code="b">Hal Leonard</subfield>
  </datafield>
  <datafield tag="035" ind1=" " ind2=" ">
    <subfield code="a">(OCoLC)ocn431969157</subfield>
  </datafield>
  <datafield tag="035" ind1=" " ind2=" ">
    <subfield code="a">(OCoLC)431969157</subfield>
  </datafield>
  <datafield tag="040" ind1=" " ind2=" ">
    <subfield code="a">IMF</subfield>
    <subfield code="c">IMF</subfield>
    <subfield code="d">DLC</subfield>
  </datafield>
  <datafield tag="042" ind1=" " ind2=" ">
    <subfield code="a">lccopycat</subfield>
  </datafield>
  <datafield tag="050" ind1="0" ind2="0">
    <subfield code="a">M256</subfield>
    <subfield code="b">.H67 2009</subfield>
  </datafield>
  <datafield tag="245" ind1="0" ind2="4">
    <subfield code="a">The horn collection :</subfield>
    <subfield code="b">9 pieces by 7 composers : intermediate to advanced level.</subfield>
  </datafield>
  <datafield tag="260" ind1=" " ind2=" ">
    <subfield code="a">New York :</subfield>
    <subfield code="b">G. Schirmer ;</subfield>
    <subfield code="a">Milwaukee, WI :</subfield>
    <subfield code="b">Distributed by Hal Leonard,</subfield>
    <subfield code="c">c2009.</subfield>
  </datafield>
  <datafield tag="300" ind1=" " ind2=" ">
    <subfield code="a">1 score (96 p.) + 1 part  (32 p.) ;</subfield>
    <subfield code="c">31 cm. +</subfield>
    <subfield code="e">2 CD-ROMs (4 3/4 in.)</subfield>
  </datafield>
  <datafield tag="440" ind1=" " ind2="0">
    <subfield code="a">G. Schirmer instrumental library</subfield>
  </datafield>
  <datafield tag="500" ind1=" " ind2=" ">
    <subfield code="a">For horn in F and piano.</subfield>
  </datafield>
  <datafield tag="500" ind1=" " ind2=" ">
    <subfield code="a">Accompanying enhanced CD includes full performances and piano accompaniments playable on both CD player and computer.  Also includes tempo adjustment software for CD-ROM.</subfield>
  </datafield>
  <datafield tag="505" ind1="0" ind2=" ">
    <subfield code="a">Allegro moderato from Sonata for horn and piano, op. 17 / Ludwig van Beethoven -- Villanelle / Paul Dukas -- Moderato from Sonata for horn and piano / Bernhard Heiden -- Allegro from Horn concerto no. 3, K. 447 ; Rondo in E-flat for horn, K. 371 ; Rondo from Quintet for horn and strings, K. 407 / Wolfgang Amadeus Mozart -- Adagio and allegro for horn and piano, op. 70 / Robert Schumann -- Allegro from Concerto no. 1 in E-flat major, op. 11 / Richard Strauss -- Allegro from Concerto in D major for horn and strings / Geog Philipp Telemann.</subfield>
  </datafield>
  <datafield tag="650" ind1=" " ind2="0">
    <subfield code="a">Horn and piano music</subfield>
    <subfield code="v">Scores and parts.</subfield>
  </datafield>
  <datafield tag="650" ind1=" " ind2="0">
    <subfield code="a">Recorded accompaniments (Horn)</subfield>
  </datafield>
</record>