
<record>
  <leader>02655ccm a2200385 a 4500</leader>
  <controlfield tag="001">16373341</controlfield>
  <controlfield tag="005">20200104163727.0</controlfield>
  <controlfield tag="008">100803s2004    nyumuz|  aehi  n  | zxx d</controlfield>
  <datafield tag="906" ind1=" " ind2=" ">
    <subfield code="a">7</subfield>
    <subfield code="b">cbc</subfield>
    <subfield code="c">copycat</subfield>
    <subfield code="d">2</subfield>
    <subfield code="e">ncip</subfield>
    <subfield code="f">20</subfield>
    <subfield code="g">y-genmusic</subfield>
  </datafield>
  <datafield tag="925" ind1="0" ind2=" ">
    <subfield code="a">acquire</subfield>
    <subfield code="b">1 shelf copies</subfield>
    <subfield code="x">policy default</subfield>
  </datafield>
  <datafield tag="955" ind1=" " ind2=" ">
    <subfield code="a">vl00 2010-08-03</subfield>
    <subfield code="a">vk67 2010-08-03 z-client</subfield>
    <subfield code="i">vk67 2010-08-03</subfield>
    <subfield code="e">vk05 2010-08-09 to Music Division 2 copies</subfield>
    <subfield code="e">vl39 2010-08-12 to BCCD 2 copies</subfield>
  </datafield>
  <datafield tag="010" ind1=" " ind2=" ">
    <subfield code="a">  2010561942</subfield>
  </datafield>
  <datafield tag="020" ind1=" " ind2=" ">
    <subfield code="a">0825856361</subfield>
  </datafield>
  <datafield tag="020" ind1=" " ind2=" ">
    <subfield code="a">9780825856365</subfield>
  </datafield>
  <datafield tag="024" ind1="1" ind2=" ">
    <subfield code="a">798408056360</subfield>
  </datafield>
  <datafield tag="028" ind1="2" ind2="2">
    <subfield code="a">H68</subfield>
    <subfield code="b">Carl Fischer</subfield>
  </datafield>
  <datafield tag="035" ind1=" " ind2=" ">
    <subfield code="a">(OCoLC)ocm57004307</subfield>
  </datafield>
  <datafield tag="035" ind1=" " ind2=" ">
    <subfield code="a">(OCoLC)57004307</subfield>
  </datafield>
  <datafield tag="040" ind1=" " ind2=" ">
    <subfield code="a">MNO</subfield>
    <subfield code="c">MNO</subfield>
    <subfield code="d">OBE</subfield>
    <subfield code="d">DLC</subfield>
  </datafield>
  <datafield tag="041" ind1="0" ind2=" ">
    <subfield code="g">eng</subfield>
  </datafield>
  <datafield tag="042" ind1=" " ind2=" ">
    <subfield code="a">lccopycat</subfield>
  </datafield>
  <datafield tag="047" ind1=" " ind2=" ">
    <subfield code="a">pr</subfield>
    <subfield code="a">sn</subfield>
    <subfield code="a">df</subfield>
  </datafield>
  <datafield tag="048" ind1=" " ind2=" ">
    <subfield code="a">ta01</subfield>
  </datafield>
  <datafield tag="050" ind1="0" ind2="0">
    <subfield code="a">M118</subfield>
    <subfield code="b">.Y65 2004</subfield>
  </datafield>
  <datafield tag="245" ind1="0" ind2="4">
    <subfield code="a">The Yolanda Kondonassis collection :</subfield>
    <subfield code="b">transcriptions, arrangements and original works for the harp.</subfield>
  </datafield>
  <datafield tag="260" ind1=" " ind2=" ">
    <subfield code="a">New York, N.Y. :</subfield>
    <subfield code="b">Carl Fischer,</subfield>
    <subfield code="c">c2004.</subfield>
  </datafield>
  <datafield tag="300" ind1=" " ind2=" ">
    <subfield code="a">144 p. of music ;</subfield>
    <subfield code="c">31 cm.</subfield>
  </datafield>
  <datafield tag="490" ind1="1" ind2=" ">
    <subfield code="a">Masters collection</subfield>
  </datafield>
  <datafield tag="500" ind1=" " ind2=" ">
    <subfield code="a">All transcriptions by Kondonassis.</subfield>
  </datafield>
  <datafield tag="500" ind1=" " ind2=" ">
    <subfield code="a">Includes performance notes and discography.</subfield>
  </datafield>
  <datafield tag="505" ind1="0" ind2=" ">
    <subfield code="a">The Baroque masters. Sinfonia from Cantata no. 156. Arioso ; Well-tempered Clavier, bk. 1. Prelude no. 1 in C major ; Well-tempered clavier, bk. 2. Prelude no. 17 in A♭ major / J.S. Bach ; Suite no. 7. Passacaglia ; Suite no. 4. Sarabande / Handel ; Sonata in A major, K. 300. Andante ; Sonata in A major, K. 208. Andante e cantabile ; Sonata in B minor, K. 27. Allegro / D. Scarlatti ; Fantasia no. 2 in D major / Telemann ; The four seasons. L&apos;inverno = Winter. Largo / Vivaldi -- The Romantics. Prelude in A major, op. 28, no. 7 ; Prelude in C minor, op. 28, no. 20 ; Prelude in E minor, op. 28, no. 4 / Chopin ; Songs without words : op. 67, no. 1. Meditation / Mendelssohn ; Pensées lyriques : op. 40. Berceuse ; Chanson sans paroles / Sibelius ; La Bohème. Quando men vo = Musetta&apos;s waltz / Puccini -- The Impressionists. Petite suite. En bateau ; Valse romantique ; Suite bergamasque. Clair de lune ; Rêverie ; Pour le piano. Sarabande ; Children&apos;s corner suite. The little shepherd / Debussy ; Après en rêve : op. 7, no. 1 / Fauré ; Trois gymnopédies. No. 1 ; Gnossienne no. 1-3 / Satie -- The twentieth-century. Six pieces. Notturno / Respighi ; Small river flowing (Chinese folk song) : version for solo harp ; optional harp II for use with version for solo harp / arr. Y. Kondonassis ; Liquid shadows / Y. Kondonassis.</subfield>
  </datafield>
  <datafield tag="650" ind1=" " ind2="0">
    <subfield code="a">Harp music.</subfield>
  </datafield>
  <datafield tag="650" ind1=" " ind2="0">
    <subfield code="a">Harp music, Arranged.</subfield>
  </datafield>
  <datafield tag="700" ind1="1" ind2=" ">
    <subfield code="a">Kondonassis, Yolanda.</subfield>
    <subfield code="4">arr</subfield>
  </datafield>
  <datafield tag="830" ind1=" " ind2="0">
    <subfield code="a">Masters collection (New York, N.Y.)</subfield>
  </datafield>
</record>