
<record>
  <leader>01557ccm a2200361 a 4500</leader>
  <controlfield tag="001">16422847</controlfield>
  <controlfield tag="005">20200104090403.0</controlfield>
  <controlfield tag="008">100818s2009    moujzz|        n  | zxx d</controlfield>
  <datafield tag="906" ind1=" " ind2=" ">
    <subfield code="a">7</subfield>
    <subfield code="b">cbc</subfield>
    <subfield code="c">copycat</subfield>
    <subfield code="d">2</subfield>
    <subfield code="e">ncip</subfield>
    <subfield code="f">20</subfield>
    <subfield code="g">y-genmusic</subfield>
  </datafield>
  <datafield tag="925" ind1="0" ind2=" ">
    <subfield code="a">acquire</subfield>
    <subfield code="b">1 shelf copy</subfield>
    <subfield code="x">policy default</subfield>
  </datafield>
  <datafield tag="955" ind1=" " ind2=" ">
    <subfield code="a">vl00 2010-08-18</subfield>
    <subfield code="a">vk67 2010-08-18 z-client</subfield>
    <subfield code="i">vk67 2010-08-18</subfield>
    <subfield code="e">vk05 2010-08-23 to Music Division 2 copies</subfield>
    <subfield code="e">vl39 2010-08-25 to BCCD 2 copies</subfield>
  </datafield>
  <datafield tag="010" ind1=" " ind2=" ">
    <subfield code="a">  2010561985</subfield>
  </datafield>
  <datafield tag="020" ind1=" " ind2=" ">
    <subfield code="a">9780786681693</subfield>
  </datafield>
  <datafield tag="020" ind1=" " ind2=" ">
    <subfield code="a">0786681691</subfield>
  </datafield>
  <datafield tag="024" ind1="1" ind2=" ">
    <subfield code="a">796279109970</subfield>
  </datafield>
  <datafield tag="028" ind1="3" ind2="2">
    <subfield code="a">MB22000</subfield>
    <subfield code="b">Mel Bay Publications</subfield>
  </datafield>
  <datafield tag="035" ind1=" " ind2=" ">
    <subfield code="a">(OCoLC)ocn502986644</subfield>
  </datafield>
  <datafield tag="035" ind1=" " ind2=" ">
    <subfield code="a">(OCoLC)502986644</subfield>
    <subfield code="z">(OCoLC)429027267</subfield>
  </datafield>
  <datafield tag="040" ind1=" " ind2=" ">
    <subfield code="a">IMD</subfield>
    <subfield code="c">IMD</subfield>
    <subfield code="d">BTCTA</subfield>
    <subfield code="d">DLC</subfield>
  </datafield>
  <datafield tag="042" ind1=" " ind2=" ">
    <subfield code="a">lccopycat</subfield>
  </datafield>
  <datafield tag="050" ind1="0" ind2="0">
    <subfield code="a">M125.E45</subfield>
    <subfield code="b">M98 2009</subfield>
  </datafield>
  <datafield tag="100" ind1="1" ind2=" ">
    <subfield code="a">Emmanuel, Tommy.</subfield>
  </datafield>
  <datafield tag="245" ind1="1" ind2="4">
    <subfield code="a">The mystery :</subfield>
    <subfield code="b">transcriptions /</subfield>
    <subfield code="c">Tommy Emmanuel.</subfield>
  </datafield>
  <datafield tag="246" ind1="1" ind2=" ">
    <subfield code="i">Title appears on item as:</subfield>
    <subfield code="a">Mel Bay presents the mystery :</subfield>
    <subfield code="b">transcriptions</subfield>
  </datafield>
  <datafield tag="260" ind1=" " ind2=" ">
    <subfield code="a">Pacific, MO :</subfield>
    <subfield code="b">Mel Bay Publications,</subfield>
    <subfield code="c">c2009.</subfield>
  </datafield>
  <datafield tag="300" ind1=" " ind2=" ">
    <subfield code="a">135 p. of music ;</subfield>
    <subfield code="c">30 cm.</subfield>
  </datafield>
  <datafield tag="500" ind1=" " ind2=" ">
    <subfield code="a">Transcription by Mark Pritcher.</subfield>
  </datafield>
  <datafield tag="500" ind1=" " ind2=" ">
    <subfield code="a">For guitar in standard notation and tablature.</subfield>
  </datafield>
  <datafield tag="505" ind1="0" ind2="0">
    <subfield code="t">Cantina Senese --</subfield>
    <subfield code="t">Gameshow rag ;</subfield>
    <subfield code="t">Cannonball rag --</subfield>
    <subfield code="t">The mystery --</subfield>
    <subfield code="t">Cowboy&apos;s dream --</subfield>
    <subfield code="t">Walls --</subfield>
    <subfield code="t">Lewis and Clark --</subfield>
    <subfield code="t">The Diggers&apos; waltz --</subfield>
    <subfield code="t">Antonella&apos;s birthday --</subfield>
    <subfield code="t">And so it goes --</subfield>
    <subfield code="t">That&apos;s the spirit --</subfield>
    <subfield code="t">Footprints --</subfield>
    <subfield code="t">Keep it simple.</subfield>
  </datafield>
  <datafield tag="650" ind1=" " ind2="0">
    <subfield code="a">Guitar music (Jazz)</subfield>
  </datafield>
  <datafield tag="650" ind1=" " ind2="0">
    <subfield code="a">Jazz</subfield>
    <subfield code="y">2001-2010.</subfield>
  </datafield>
  <datafield tag="650" ind1=" " ind2="0">
    <subfield code="a">Popular instrumental music</subfield>
    <subfield code="y">2001-2010.</subfield>
  </datafield>
  <datafield tag="700" ind1="1" ind2=" ">
    <subfield code="a">Pritcher, Mark.</subfield>
    <subfield code="4">arr</subfield>
  </datafield>
</record>