
<record>
  <leader>01266cam a2200301   4500</leader>
  <controlfield tag="001">16445457</controlfield>
  <controlfield tag="005">20200104132945.0</controlfield>
  <controlfield tag="008">100903s2008    xx            000 0 eng d</controlfield>
  <datafield tag="906" ind1=" " ind2=" ">
    <subfield code="a">7</subfield>
    <subfield code="b">cbc</subfield>
    <subfield code="c">copycat</subfield>
    <subfield code="d">2</subfield>
    <subfield code="e">ncip</subfield>
    <subfield code="f">20</subfield>
    <subfield code="g">y-gencatlg</subfield>
  </datafield>
  <datafield tag="925" ind1="0" ind2=" ">
    <subfield code="a">acquire</subfield>
    <subfield code="b">1 shelf copy</subfield>
    <subfield code="x">policy default</subfield>
  </datafield>
  <datafield tag="955" ind1=" " ind2=" ">
    <subfield code="a">vl00 2010-09-03</subfield>
    <subfield code="a">vk67 2010-09-03 z-client</subfield>
    <subfield code="i">vk67 2010-09-03</subfield>
    <subfield code="a">vk03 2010-12-20 auth subj</subfield>
    <subfield code="e">vl34 2011-01-03 to Music Division</subfield>
    <subfield code="t">vl34 2011-01-03 c. 2 to Music Division</subfield>
    <subfield code="e">vl39 2011-01-05 to BCCD 2 copies</subfield>
  </datafield>
  <datafield tag="010" ind1=" " ind2=" ">
    <subfield code="a">  2010564489</subfield>
  </datafield>
  <datafield tag="020" ind1=" " ind2=" ">
    <subfield code="a">9780786672240</subfield>
  </datafield>
  <datafield tag="020" ind1=" " ind2=" ">
    <subfield code="a">0786672242</subfield>
  </datafield>
  <datafield tag="024" ind1="1" ind2=" ">
    <subfield code="a">796279096652</subfield>
  </datafield>
  <datafield tag="028" ind1="3" ind2="2">
    <subfield code="a">MB20706</subfield>
    <subfield code="b">Mel Bay</subfield>
  </datafield>
  <datafield tag="035" ind1=" " ind2=" ">
    <subfield code="a">(OCoLC)ocn460217323</subfield>
  </datafield>
  <datafield tag="035" ind1=" " ind2=" ">
    <subfield code="a">(OCoLC)460217323</subfield>
    <subfield code="z">(OCoLC)225875733</subfield>
  </datafield>
  <datafield tag="037" ind1=" " ind2=" ">
    <subfield code="b">Mel Bay Pubns, Attn: Jeff Ponte 4 Industrial Dr Dailey Industrial Park, Pacific, MO, USA, 63069, (636)2573970-38</subfield>
  </datafield>
  <datafield tag="040" ind1=" " ind2=" ">
    <subfield code="a">TOH</subfield>
    <subfield code="c">TOH</subfield>
    <subfield code="d">BTCTA</subfield>
    <subfield code="d">BAKER</subfield>
    <subfield code="d">DLC</subfield>
  </datafield>
  <datafield tag="042" ind1=" " ind2=" ">
    <subfield code="a">lccopycat</subfield>
  </datafield>
  <datafield tag="050" ind1="0" ind2="0">
    <subfield code="a">M175.H3</subfield>
    <subfield code="b">R43 2008</subfield>
  </datafield>
  <datafield tag="245" ind1="0" ind2="0">
    <subfield code="a">Recital pieces for chromatic harmonica /</subfield>
    <subfield code="c">[arranged] by Jia-Yi He.</subfield>
  </datafield>
  <datafield tag="246" ind1="1" ind2=" ">
    <subfield code="i">Title appears on item as:</subfield>
    <subfield code="a">Mey Bay presents recital pieces for chromatic harmonica</subfield>
  </datafield>
  <datafield tag="260" ind1=" " ind2=" ">
    <subfield code="a">Pacific, MO :</subfield>
    <subfield code="b">Mel Bay Publications,</subfield>
    <subfield code="c">c2008.</subfield>
  </datafield>
  <datafield tag="300" ind1=" " ind2=" ">
    <subfield code="a">118 p. ;</subfield>
    <subfield code="c">30 cm.</subfield>
  </datafield>
  <datafield tag="650" ind1=" " ind2="0">
    <subfield code="a">Harmonica music, Arranged.</subfield>
  </datafield>
  <datafield tag="700" ind1="1" ind2=" ">
    <subfield code="a">He, Jia-Yi.</subfield>
  </datafield>
</record>