
<record>
  <leader>01632ccm a22003134a 4500</leader>
  <controlfield tag="001">16508408</controlfield>
  <controlfield tag="005">20200104160225.0</controlfield>
  <controlfield tag="008">101019s2006    mouuuz|  e     n  | zxx  </controlfield>
  <datafield tag="906" ind1=" " ind2=" ">
    <subfield code="a">7</subfield>
    <subfield code="b">cbc</subfield>
    <subfield code="c">orignew</subfield>
    <subfield code="d">3</subfield>
    <subfield code="e">ncip</subfield>
    <subfield code="f">20</subfield>
    <subfield code="g">y-genmusic</subfield>
  </datafield>
  <datafield tag="925" ind1="0" ind2=" ">
    <subfield code="a">acquire</subfield>
    <subfield code="b">1 shelf copies</subfield>
    <subfield code="x">policy default</subfield>
  </datafield>
  <datafield tag="955" ind1=" " ind2=" ">
    <subfield code="a">vl00 2010-10-19</subfield>
    <subfield code="i">vl16 2010-10-19</subfield>
    <subfield code="e">vl16 2010-10-20 accompanying sound recording for copies 1-2 sent to MBRS for shelf label</subfield>
    <subfield code="e">vk05 2010-10-29 to Music Division 2 copies</subfield>
    <subfield code="e">vl39 2010-11-03 to BCCD 2 copies</subfield>
  </datafield>
  <datafield tag="010" ind1=" " ind2=" ">
    <subfield code="a">  2010562172</subfield>
  </datafield>
  <datafield tag="020" ind1=" " ind2=" ">
    <subfield code="a">0786675144</subfield>
  </datafield>
  <datafield tag="024" ind1="1" ind2=" ">
    <subfield code="a">796279101639</subfield>
  </datafield>
  <datafield tag="024" ind1="3" ind2=" ">
    <subfield code="a">9780786675142</subfield>
  </datafield>
  <datafield tag="028" ind1="3" ind2="2">
    <subfield code="a">MB21118BCD</subfield>
    <subfield code="b">Mel Bay</subfield>
  </datafield>
  <datafield tag="040" ind1=" " ind2=" ">
    <subfield code="a">DLC</subfield>
    <subfield code="c">DLC</subfield>
  </datafield>
  <datafield tag="050" ind1="0" ind2="0">
    <subfield code="a">M56.B76</subfield>
    <subfield code="b">C66 2006</subfield>
  </datafield>
  <datafield tag="100" ind1="1" ind2=" ">
    <subfield code="a">Brown, Tyrone,</subfield>
    <subfield code="d">1940-</subfield>
  </datafield>
  <datafield tag="240" ind1="1" ind2="0">
    <subfield code="a">Compositions,</subfield>
    <subfield code="m">bass instruments</subfield>
  </datafield>
  <datafield tag="245" ind1="1" ind2="0">
    <subfield code="a">Compositions for bass /</subfield>
    <subfield code="c">by Tyrone Brown.</subfield>
  </datafield>
  <datafield tag="246" ind1="1" ind2=" ">
    <subfield code="i">Title appears on item as:</subfield>
    <subfield code="a">Mel Bay presents Compositions for bass</subfield>
  </datafield>
  <datafield tag="260" ind1=" " ind2=" ">
    <subfield code="a">Pacific, MO :</subfield>
    <subfield code="b">Mel Bay,</subfield>
    <subfield code="c">c2006.</subfield>
  </datafield>
  <datafield tag="300" ind1=" " ind2=" ">
    <subfield code="a">39 p. of music ;</subfield>
    <subfield code="c">28 cm. +</subfield>
    <subfield code="e">1 sound disc (digital ; 4 3/4 in.)</subfield>
  </datafield>
  <datafield tag="500" ind1=" " ind2=" ">
    <subfield code="a">Principally for double bass; includes solos for acoustic bass guitar and duets for two double basses. In part with chord symbols.</subfield>
  </datafield>
  <datafield tag="505" ind1="0" ind2=" ">
    <subfield code="a">Basically Karr : (duet version) -- USQ -- Walking song -- No time for tears : (for acoustic bass guitar) [with optional 2nd part for double bass] -- Gone now -- Dear Mr. Roach : (duet version) -- Theme from Emerald Valley : (for acoustic bass guitar) -- Cloud flowers : (duet version) -- El Monte -- Hymn.</subfield>
  </datafield>
  <datafield tag="650" ind1=" " ind2="0">
    <subfield code="a">Double bass music.</subfield>
  </datafield>
  <datafield tag="650" ind1=" " ind2="0">
    <subfield code="a">Double bass music (Double basses (2))</subfield>
    <subfield code="v">Scores.</subfield>
  </datafield>
  <datafield tag="650" ind1=" " ind2="0">
    <subfield code="a">Acoustic bass guitar music.</subfield>
  </datafield>
</record>