
<record>
  <leader>02208cam a2200337 a 4500</leader>
  <controlfield tag="001">16548712</controlfield>
  <controlfield tag="005">20200104202221.0</controlfield>
  <controlfield tag="008">101122s2010    ne       b    000 0 eng c</controlfield>
  <datafield tag="906" ind1=" " ind2=" ">
    <subfield code="a">7</subfield>
    <subfield code="b">cbc</subfield>
    <subfield code="c">pccadap</subfield>
    <subfield code="d">2</subfield>
    <subfield code="e">ncip</subfield>
    <subfield code="f">20</subfield>
    <subfield code="g">y-gencatlg</subfield>
  </datafield>
  <datafield tag="925" ind1="0" ind2=" ">
    <subfield code="a">acquire</subfield>
    <subfield code="b">2 shelf copies</subfield>
    <subfield code="x">policy default</subfield>
  </datafield>
  <datafield tag="955" ind1=" " ind2=" ">
    <subfield code="b">xg11 2010-11-22 z-processor</subfield>
    <subfield code="i">xg11 2010-11-22 to BCCD</subfield>
  </datafield>
  <datafield tag="010" ind1=" " ind2=" ">
    <subfield code="a">  2010483446</subfield>
  </datafield>
  <datafield tag="016" ind1="7" ind2=" ">
    <subfield code="a">21415051</subfield>
    <subfield code="2">bccb</subfield>
  </datafield>
  <datafield tag="020" ind1=" " ind2=" ">
    <subfield code="a">9789089520630</subfield>
  </datafield>
  <datafield tag="020" ind1=" " ind2=" ">
    <subfield code="a">9089520635</subfield>
  </datafield>
  <datafield tag="035" ind1=" " ind2=" ">
    <subfield code="a">(OCoLC)ocn466359611</subfield>
  </datafield>
  <datafield tag="040" ind1=" " ind2=" ">
    <subfield code="a">BTCTA</subfield>
    <subfield code="b">eng</subfield>
    <subfield code="c">BTCTA</subfield>
    <subfield code="d">OHX</subfield>
    <subfield code="d">HEBIS</subfield>
    <subfield code="d">NDL</subfield>
    <subfield code="d">NLGGC</subfield>
    <subfield code="d">BWX</subfield>
    <subfield code="d">CDX</subfield>
    <subfield code="d">COO</subfield>
    <subfield code="d">YDXCP</subfield>
    <subfield code="d">YLS</subfield>
    <subfield code="d">DLC</subfield>
  </datafield>
  <datafield tag="042" ind1=" " ind2=" ">
    <subfield code="a">pcc</subfield>
  </datafield>
  <datafield tag="043" ind1=" " ind2=" ">
    <subfield code="a">e------</subfield>
  </datafield>
  <datafield tag="050" ind1="0" ind2="0">
    <subfield code="a">KJC3385</subfield>
    <subfield code="b">.S43 2010</subfield>
  </datafield>
  <datafield tag="084" ind1=" " ind2=" ">
    <subfield code="a">86.64</subfield>
    <subfield code="2">bcl</subfield>
  </datafield>
  <datafield tag="245" ind1="0" ind2="0">
    <subfield code="a">Security :</subfield>
    <subfield code="b">a general principle of social security law in Europe /</subfield>
    <subfield code="c">edited by Ulrich Becker ... [et al.].</subfield>
  </datafield>
  <datafield tag="260" ind1=" " ind2=" ">
    <subfield code="a">Groningen :</subfield>
    <subfield code="b">Europa Law Pub.,</subfield>
    <subfield code="c">2010.</subfield>
  </datafield>
  <datafield tag="300" ind1=" " ind2=" ">
    <subfield code="a">xxiii,</subfield>
    <subfield code="c">649 p. ;</subfield>
    <subfield code="c">25 cm.</subfield>
  </datafield>
  <datafield tag="504" ind1=" " ind2=" ">
    <subfield code="a">Includes bibliographical references.</subfield>
  </datafield>
  <datafield tag="505" ind1="0" ind2="0">
    <subfield code="t">Country report on Belgium /</subfield>
    <subfield code="r">Danny Pieters, Paul Schoukens --</subfield>
    <subfield code="t">Country report on the Czech Republic /</subfield>
    <subfield code="r">Martin Stefko --</subfield>
    <subfield code="t">Country report on Germany /</subfield>
    <subfield code="r">Ulrich Becker, Simone von Hardenberg --</subfield>
    <subfield code="t">Country report on Greece /</subfield>
    <subfield code="r">Olga Angelopoulou --</subfield>
    <subfield code="t">Country report on Iceland /</subfield>
    <subfield code="r">Cynthia Jeans, Guany Bjork Eydal, Stefan Olafsson --</subfield>
    <subfield code="t">Country report on Ireland /</subfield>
    <subfield code="r">Mel Cousins --</subfield>
    <subfield code="t">Country report on Italy /</subfield>
    <subfield code="r">Matteo Borzaga --</subfield>
    <subfield code="t">Country report on Luxembourg /</subfield>
    <subfield code="r">Fanny Etienne-Robert --</subfield>
    <subfield code="t">Country report on the Netherlands /</subfield>
    <subfield code="r">Gijsbert Vonk, Bert Marseille.</subfield>
  </datafield>
  <datafield tag="505" ind1="0" ind2="0">
    <subfield code="t">Coutnry report on Slovenia /</subfield>
    <subfield code="r">Grega Strban --</subfield>
    <subfield code="t">Country report on Spain /</subfield>
    <subfield code="r">Cristina Sanchez Rodas --</subfield>
    <subfield code="t">Country report on Sweden /</subfield>
    <subfield code="r">Thomas Erhag --</subfield>
    <subfield code="t">Country report on Switzerland /</subfield>
    <subfield code="r">Thomas Gachter --</subfield>
    <subfield code="t">Country report on the United Kingdom /</subfield>
    <subfield code="r">Neville Harris --</subfield>
    <subfield code="t">&apos;Security&apos; as general principle of social security law in Europe : conclusions on legislative aspects /</subfield>
    <subfield code="r">Bob De Mars, Danny Pieters, Paul Schoukens --</subfield>
    <subfield code="t">&apos;Security&apos; as general principle of social security law in Europe : conclusions on administrative aspects /</subfield>
    <subfield code="r">Friso Ross.</subfield>
  </datafield>
  <datafield tag="650" ind1=" " ind2="0">
    <subfield code="a">Social security</subfield>
    <subfield code="x">Law and legislation</subfield>
    <subfield code="z">Europe.</subfield>
  </datafield>
  <datafield tag="650" ind1="1" ind2="7">
    <subfield code="a">Socialezekerheidsrecht.</subfield>
    <subfield code="2">gtt</subfield>
  </datafield>
  <datafield tag="651" ind1=" " ind2="7">
    <subfield code="a">EU-landen.</subfield>
    <subfield code="2">gtt</subfield>
  </datafield>
  <datafield tag="700" ind1="1" ind2=" ">
    <subfield code="a">Becker, Ulrich,</subfield>
    <subfield code="d">1960-</subfield>
  </datafield>
</record>