
<record>
  <leader>02356ccm a2200361 a 4500</leader>
  <controlfield tag="001">16553981</controlfield>
  <controlfield tag="005">20200104090745.0</controlfield>
  <controlfield tag="008">101126s2009    mouuuz|  eh    n  | zxx d</controlfield>
  <datafield tag="906" ind1=" " ind2=" ">
    <subfield code="a">7</subfield>
    <subfield code="b">cbc</subfield>
    <subfield code="c">copycat</subfield>
    <subfield code="d">2</subfield>
    <subfield code="e">ncip</subfield>
    <subfield code="f">20</subfield>
    <subfield code="g">y-genmusic</subfield>
  </datafield>
  <datafield tag="925" ind1="0" ind2=" ">
    <subfield code="a">acquire</subfield>
    <subfield code="b">1 shelf copy</subfield>
    <subfield code="x">policy default</subfield>
  </datafield>
  <datafield tag="955" ind1=" " ind2=" ">
    <subfield code="a">vk73 2010-11-26 z-client</subfield>
    <subfield code="i">vk73 2010-11-26 telework</subfield>
    <subfield code="e">vk05 2010-12-20 to Music Division 2 copies</subfield>
    <subfield code="e">vl39 2010-12-22 to BCCD 2 copies</subfield>
  </datafield>
  <datafield tag="010" ind1=" " ind2=" ">
    <subfield code="a">  2010562231</subfield>
  </datafield>
  <datafield tag="020" ind1=" " ind2=" ">
    <subfield code="a">9780786672509</subfield>
  </datafield>
  <datafield tag="024" ind1="1" ind2=" ">
    <subfield code="a">796279097062</subfield>
  </datafield>
  <datafield tag="028" ind1="3" ind2="2">
    <subfield code="a">MB20576</subfield>
    <subfield code="b">Mel Bay</subfield>
  </datafield>
  <datafield tag="035" ind1=" " ind2=" ">
    <subfield code="a">(OCoLC)ocn429027260</subfield>
  </datafield>
  <datafield tag="035" ind1=" " ind2=" ">
    <subfield code="a">(OCoLC)429027260</subfield>
  </datafield>
  <datafield tag="040" ind1=" " ind2=" ">
    <subfield code="a">BTCTA</subfield>
    <subfield code="c">BTCTA</subfield>
    <subfield code="d">JYJ</subfield>
    <subfield code="d">DLC</subfield>
  </datafield>
  <datafield tag="042" ind1=" " ind2=" ">
    <subfield code="a">lccopycat</subfield>
  </datafield>
  <datafield tag="050" ind1="0" ind2="0">
    <subfield code="a">M116.C3</subfield>
    <subfield code="b">F58 2009</subfield>
  </datafield>
  <datafield tag="100" ind1="1" ind2=" ">
    <subfield code="a">Carolan, Turlough,</subfield>
    <subfield code="d">1670-1738.</subfield>
  </datafield>
  <datafield tag="240" ind1="1" ind2="0">
    <subfield code="a">Harp music.</subfield>
    <subfield code="k">Selections</subfield>
  </datafield>
  <datafield tag="245" ind1="1" ind2="0">
    <subfield code="a">O&apos;Carolan tunes :</subfield>
    <subfield code="b">for harp /</subfield>
    <subfield code="c">by Mary Fitzgerald.</subfield>
  </datafield>
  <datafield tag="246" ind1="1" ind2=" ">
    <subfield code="i">Title appears on item as:</subfield>
    <subfield code="a">Mel Bay presents O&apos;Carolan tunes</subfield>
  </datafield>
  <datafield tag="260" ind1=" " ind2=" ">
    <subfield code="a">Pacific, MO :</subfield>
    <subfield code="b">Mel Bay Publications,</subfield>
    <subfield code="c">c2009.</subfield>
  </datafield>
  <datafield tag="300" ind1=" " ind2=" ">
    <subfield code="a">40 p. of music ;</subfield>
    <subfield code="c">30 cm.</subfield>
  </datafield>
  <datafield tag="500" ind1=" " ind2=" ">
    <subfield code="a">&quot;A definitive edition of 24 tunes by renowned Irish harper Turlough O&apos;Carolan, all carefully and exactingly transcribed, edited, and fingered for harp from Mr. Boeger&apos;s exquisite classical guitar settings.  All ornamentation has been fully written out to facilitate fingering.  Chord symbols have been added for those who enjoy improvising their own left-hand accompaniment, or inventing an entire accompaniment as a friend plays the melody.&quot;</subfield>
  </datafield>
  <datafield tag="500" ind1=" " ind2=" ">
    <subfield code="a">Staff notation and chord symbols.</subfield>
  </datafield>
  <datafield tag="500" ind1=" " ind2=" ">
    <subfield code="a">Includes biographical information on the composer and transcriber, celtic ornaments chart, chord chart, and tuning information.</subfield>
  </datafield>
  <datafield tag="505" ind1="0" ind2=" ">
    <subfield code="a">The O&apos;Rourkes&apos; feast  -- Cremonea -- Loftus Jones -- Charles O&apos;Conor -- Lady Laetitia Burke -- Nancy Cooper : first air -- Fanny Power -- Ode to whiskey -- One bottle more -- Miss Murphy -- Planxty Sweeny -- Colonel John Irwin -- Sheebeg and Sheemore -- George Brabazon : first air -- George Brabazon : second air -- Donal O&apos;Brien -- Dr. MacMahon, Bishop of Clogher -- Lady Gethin -- Lament for Owen O&apos;Rourke -- Mrs. Bermingham : second air -- Planxty Drew -- Squire Wood&apos;s lamentation on the refusal of his halfpence -- John Drury : second air, and Bridget Cruise : third air.</subfield>
  </datafield>
  <datafield tag="650" ind1=" " ind2="0">
    <subfield code="a">Harp music.</subfield>
  </datafield>
  <datafield tag="700" ind1="1" ind2=" ">
    <subfield code="a">Fitzgerald, Mary</subfield>
    <subfield code="c">(Harpist)</subfield>
  </datafield>
  <datafield tag="700" ind1="1" ind2=" ">
    <subfield code="a">Boeger, Guido.</subfield>
  </datafield>
</record>