
<record>
  <leader>02082ccm a2200289 a 4500</leader>
  <controlfield tag="001">16572785</controlfield>
  <controlfield tag="005">20200104161431.0</controlfield>
  <controlfield tag="008">101209s2002    nyuzzz|        n  | zxx d</controlfield>
  <datafield tag="906" ind1=" " ind2=" ">
    <subfield code="a">7</subfield>
    <subfield code="b">cbc</subfield>
    <subfield code="c">copycat</subfield>
    <subfield code="d">2</subfield>
    <subfield code="e">ncip</subfield>
    <subfield code="f">20</subfield>
    <subfield code="g">y-genmusic</subfield>
  </datafield>
  <datafield tag="925" ind1="0" ind2=" ">
    <subfield code="a">acquire</subfield>
    <subfield code="b">1 shelf copies</subfield>
    <subfield code="x">policy default</subfield>
  </datafield>
  <datafield tag="955" ind1=" " ind2=" ">
    <subfield code="a">vl00 2010-12-09</subfield>
    <subfield code="a">vk67 2010-12-09 z-client</subfield>
    <subfield code="i">vk67 2010-12-09</subfield>
    <subfield code="a">vk26 2010-12-28 sub., class., desc.</subfield>
    <subfield code="e">vk26 2010-12-28 to Music Div.</subfield>
  </datafield>
  <datafield tag="010" ind1=" " ind2=" ">
    <subfield code="a">  2010563648</subfield>
  </datafield>
  <datafield tag="020" ind1=" " ind2=" ">
    <subfield code="a">0825848733</subfield>
  </datafield>
  <datafield tag="024" ind1="1" ind2=" ">
    <subfield code="a">798408048730</subfield>
  </datafield>
  <datafield tag="028" ind1="3" ind2="2">
    <subfield code="a">BF5</subfield>
    <subfield code="b">Carl Fischer</subfield>
  </datafield>
  <datafield tag="035" ind1=" " ind2=" ">
    <subfield code="a">(OCoLC)ocm52939004</subfield>
  </datafield>
  <datafield tag="035" ind1=" " ind2=" ">
    <subfield code="a">(OCoLC)52939004</subfield>
  </datafield>
  <datafield tag="040" ind1=" " ind2=" ">
    <subfield code="a">VHB</subfield>
    <subfield code="c">VHB</subfield>
    <subfield code="d">DLC</subfield>
  </datafield>
  <datafield tag="042" ind1=" " ind2=" ">
    <subfield code="a">lccopycat</subfield>
  </datafield>
  <datafield tag="050" ind1="0" ind2="0">
    <subfield code="a">M56</subfield>
    <subfield code="b">.F47 2002</subfield>
  </datafield>
  <datafield tag="245" ind1="0" ind2="0">
    <subfield code="a">Festival performance solos :</subfield>
    <subfield code="b">string bass.</subfield>
  </datafield>
  <datafield tag="260" ind1=" " ind2=" ">
    <subfield code="a">New York :</subfield>
    <subfield code="b">Carl Fischer,</subfield>
    <subfield code="c">c2002.</subfield>
  </datafield>
  <datafield tag="300" ind1=" " ind2=" ">
    <subfield code="a">38 p. of music ;</subfield>
    <subfield code="c">31 cm.</subfield>
  </datafield>
  <datafield tag="500" ind1=" " ind2=" ">
    <subfield code="a">Separate ed. for &quot;Festival performance solos : piano accompaniment for string bass.&quot;</subfield>
  </datafield>
  <datafield tag="505" ind1="0" ind2=" ">
    <subfield code="a">Air varie on a theme from the opera I Capuleti ed i Montecchi / Bellini -- Caballero / John Merle -- Country gardens / Trad. -- Demetrius / John Merle -- Die Meistersinger von Nurnberg / Richard Wagner -- Gavotte in G major / Francois-Joseph Gossec -- Gavotte in G minor / Johann Sebastian Bach -- Jolly Dutchman / Trad. -- Larghetto / Franz Simandl -- Largo &quot;Ombra mai fu&quot; from the opera Serse / George Frideric Handel -- Maiden&apos;s wish / Frederic Chopin -- Melodie, op. 10 / Jules Massenet -- Minuet in G major from the Clavier-Buchlein fur Anna Magdelena Bach / Johann Sebastian Bach -- Minuet in G major / Hugo Schlemuller -- Mummers : danse grotesque / John Merle -- Nautical medley songs of the sea / Trad. -- Old soldiers march, op. 12, no. 5 / Hugo Schlemuller -- Pompola / Carroll Martin -- A prayer / Hugo Schlemuller -- Sarabande / Arcangelo Corelli -- Sonatina / Arthur Olaf Andersen -- A song / Hugo Schlemuller -- Tre giorni Siciliana from the opera Nina / Giovanni Battista Pergolesi -- Variations for contrabass on a favorite Styrian folk song / J. Eisengraber.</subfield>
  </datafield>
  <datafield tag="650" ind1=" " ind2="0">
    <subfield code="a">Double bass music.</subfield>
  </datafield>
  <datafield tag="650" ind1=" " ind2="0">
    <subfield code="a">Double bass music, Arranged.</subfield>
  </datafield>
</record>