
<record>
  <leader>01882ccm a2200313 a 4500</leader>
  <controlfield tag="001">16672257</controlfield>
  <controlfield tag="005">20200104114528.0</controlfield>
  <controlfield tag="008">110301s1998    nyuopa|  hi    n  | zxx d</controlfield>
  <datafield tag="906" ind1=" " ind2=" ">
    <subfield code="a">7</subfield>
    <subfield code="b">cbc</subfield>
    <subfield code="c">copycat</subfield>
    <subfield code="d">2</subfield>
    <subfield code="e">ncip</subfield>
    <subfield code="f">20</subfield>
    <subfield code="g">y-genmusic</subfield>
  </datafield>
  <datafield tag="925" ind1="0" ind2=" ">
    <subfield code="a">acquire</subfield>
    <subfield code="b">1 shelf copy</subfield>
    <subfield code="x">policy default</subfield>
  </datafield>
  <datafield tag="955" ind1=" " ind2=" ">
    <subfield code="a">vl34 2011-03-01 z-client</subfield>
    <subfield code="i">vl34 2011-03-01</subfield>
    <subfield code="a">vk79 2011-03-02 auth subj</subfield>
    <subfield code="e">vk05 2011-03-04 to Music Division</subfield>
    <subfield code="t">vl34 2011-03-09 c. 2 to Music Division</subfield>
    <subfield code="e">vl39 2011-03-16 to BCCD</subfield>
  </datafield>
  <datafield tag="010" ind1=" " ind2=" ">
    <subfield code="a">  2011560762</subfield>
  </datafield>
  <datafield tag="020" ind1=" " ind2=" ">
    <subfield code="a">0825831962</subfield>
  </datafield>
  <datafield tag="020" ind1=" " ind2=" ">
    <subfield code="a">9780825831966</subfield>
  </datafield>
  <datafield tag="024" ind1="1" ind2=" ">
    <subfield code="a">798408031961</subfield>
  </datafield>
  <datafield tag="028" ind1="2" ind2="0">
    <subfield code="a">O5387</subfield>
    <subfield code="b">C. Fischer</subfield>
  </datafield>
  <datafield tag="035" ind1=" " ind2=" ">
    <subfield code="a">(OCoLC)ocn277279660</subfield>
  </datafield>
  <datafield tag="040" ind1=" " ind2=" ">
    <subfield code="a">CN3HA</subfield>
    <subfield code="c">CN3HA</subfield>
    <subfield code="d">DLC</subfield>
  </datafield>
  <datafield tag="041" ind1="0" ind2=" ">
    <subfield code="g">eng</subfield>
  </datafield>
  <datafield tag="042" ind1=" " ind2=" ">
    <subfield code="a">lccopycat</subfield>
  </datafield>
  <datafield tag="050" ind1="0" ind2="0">
    <subfield code="a">M252</subfield>
    <subfield code="b">.A</subfield>
  </datafield>
  <datafield tag="245" ind1="0" ind2="0">
    <subfield code="a">Aria :</subfield>
    <subfield code="b">for clarinet and piano /</subfield>
    <subfield code="c">arranged and edited by Richard Stoltzman.</subfield>
  </datafield>
  <datafield tag="260" ind1=" " ind2=" ">
    <subfield code="a">New York :</subfield>
    <subfield code="b">C. Fischer,</subfield>
    <subfield code="c">c1998.</subfield>
  </datafield>
  <datafield tag="300" ind1=" " ind2=" ">
    <subfield code="a">1 score (135 p) + 1 part (48 p.) :</subfield>
    <subfield code="b">ill. ;</subfield>
    <subfield code="c">31 cm.</subfield>
  </datafield>
  <datafield tag="500" ind1=" " ind2=" ">
    <subfield code="a">Includes commentary.</subfield>
  </datafield>
  <datafield tag="505" ind1="0" ind2=" ">
    <subfield code="a">Romeo et Juliette. Je veux vivre / Gounod -- Gianni Schicchi. O mio babbino caro / Puccini -- Faust. O Dieu! que de bijoux! / Gounod -- Carmen. Seguidilla ; Flower song : la fleur que tu m&apos;avais ; Gypsy dance : chanson bohème / Bizet -- Porgy and Bess. My man&apos;s gone now ; Summertime ; It ain&apos;t necessarily so / Gershwin -- La bohème. Quando m&apos;en vo : Musetta&apos;s waltz / Puccini -- Chérubin. Nina&apos;s aria / Massenet -- La bohème. Che gelida manina / Puccini -- Semiramide. Bell raggio lusinghier / Rossini -- Manon. Recitative and gavotte / Massenet -- Mignon. Ah pur ce soir-- je suis Titania / Thomas -- La forza del destino. La vita è inferno / Verdi -- La traviata. Addio del passato / Verdi -- The merry widow. Vilja / Lehar.</subfield>
  </datafield>
  <datafield tag="650" ind1=" " ind2="0">
    <subfield code="a">Clarinet and piano music, Arranged</subfield>
    <subfield code="v">Scores and parts.</subfield>
  </datafield>
  <datafield tag="650" ind1=" " ind2="0">
    <subfield code="a">Operas</subfield>
    <subfield code="v">Excerpts, Arranged</subfield>
    <subfield code="v">Scores and parts.</subfield>
  </datafield>
  <datafield tag="700" ind1="1" ind2=" ">
    <subfield code="a">Stoltzman, Richard.</subfield>
  </datafield>
</record>