
<record>
  <leader>01646ccm a22003254a 4500</leader>
  <controlfield tag="001">16727090</controlfield>
  <controlfield tag="005">20200104163500.0</controlfield>
  <controlfield tag="008">110408s2006    mouuuz|        n  | zxx  </controlfield>
  <datafield tag="906" ind1=" " ind2=" ">
    <subfield code="a">7</subfield>
    <subfield code="b">cbc</subfield>
    <subfield code="c">orignew</subfield>
    <subfield code="d">3</subfield>
    <subfield code="e">ncip</subfield>
    <subfield code="f">20</subfield>
    <subfield code="g">y-gencatlg</subfield>
  </datafield>
  <datafield tag="925" ind1="0" ind2=" ">
    <subfield code="a">acquire</subfield>
    <subfield code="b">1 shelf copies</subfield>
    <subfield code="x">policy default</subfield>
  </datafield>
  <datafield tag="955" ind1=" " ind2=" ">
    <subfield code="a">vk00 2011-04-08</subfield>
    <subfield code="i">vk73 2011-04-08 telework</subfield>
    <subfield code="e">vk05 2011-04-15 to Music Division 2 copies</subfield>
    <subfield code="e">vl39 2011-04-20 to BCCD 2 copies</subfield>
  </datafield>
  <datafield tag="010" ind1=" " ind2=" ">
    <subfield code="a">  2011562282</subfield>
  </datafield>
  <datafield tag="020" ind1=" " ind2=" ">
    <subfield code="a">0786660503</subfield>
  </datafield>
  <datafield tag="024" ind1="1" ind2=" ">
    <subfield code="a">796279076456</subfield>
  </datafield>
  <datafield tag="024" ind1="3" ind2=" ">
    <subfield code="a">9780786660506</subfield>
  </datafield>
  <datafield tag="028" ind1="1" ind2="2">
    <subfield code="a">MB97057</subfield>
    <subfield code="b">Mel Bay</subfield>
  </datafield>
  <datafield tag="040" ind1=" " ind2=" ">
    <subfield code="a">DLC</subfield>
    <subfield code="c">DLC</subfield>
  </datafield>
  <datafield tag="042" ind1=" " ind2=" ">
    <subfield code="a">pcc</subfield>
  </datafield>
  <datafield tag="043" ind1=" " ind2=" ">
    <subfield code="a">n-us---</subfield>
  </datafield>
  <datafield tag="050" ind1="0" ind2="0">
    <subfield code="a">M121.R47</subfield>
    <subfield code="b">H37 2006</subfield>
  </datafield>
  <datafield tag="100" ind1="1" ind2=" ">
    <subfield code="a">Reser, Harry.</subfield>
  </datafield>
  <datafield tag="245" ind1="1" ind2="0">
    <subfield code="a">Harry Reser :</subfield>
    <subfield code="b">tenor banjo legend : 26 virtuoso solos for tenor banjo /</subfield>
    <subfield code="c">by Bill Triggs.</subfield>
  </datafield>
  <datafield tag="246" ind1="1" ind2=" ">
    <subfield code="i">Title appears on item as:</subfield>
    <subfield code="a">Mel Bay presents Harry Reser</subfield>
  </datafield>
  <datafield tag="260" ind1=" " ind2=" ">
    <subfield code="a">Pacific, MO :</subfield>
    <subfield code="b">Mel Bay Publications,</subfield>
    <subfield code="c">c2006.</subfield>
  </datafield>
  <datafield tag="300" ind1=" " ind2=" ">
    <subfield code="a">136 p. of music ;</subfield>
    <subfield code="c">30 cm.</subfield>
  </datafield>
  <datafield tag="500" ind1=" " ind2=" ">
    <subfield code="a">Transcribed by Bill Triggs from the recordings of Harry Reser.</subfield>
  </datafield>
  <datafield tag="500" ind1=" " ind2=" ">
    <subfield code="a">Staff notation with tablature and chord symbols.</subfield>
  </datafield>
  <datafield tag="505" ind1="0" ind2=" ">
    <subfield code="a">Everybody step -- An island made for two -- My old Kentucky home -- Clicquot -- Easy goin&apos; -- The cat and the dog -- Morris dance -- Ginger snaps -- The clock and the banjo -- Fair and warmer -- Pitter patter -- 3 solos : Knick-knacks and parlor Tricks (both with t.b. acc.) and Toothpicks -- The old town pump --  Hungarian dance no. 5 -- Air brakes -- Lollipops -- Frosted chocolate -- Wampum solo -- Heebie jeebies -- Jade -- Hen cackles -- Poet and peasant march -- 12th Street rag.</subfield>
  </datafield>
  <datafield tag="650" ind1=" " ind2="0">
    <subfield code="a">Banjo music.</subfield>
  </datafield>
  <datafield tag="700" ind1="1" ind2=" ">
    <subfield code="a">Triggs, Bill.</subfield>
  </datafield>
</record>