
<record>
  <leader>02788cas a2200637 i 4500</leader>
  <controlfield tag="001">17364418</controlfield>
  <controlfield tag="005">20200104075812.0</controlfield>
  <controlfield tag="008">120627c20139999sz br p       |   a0eng  </controlfield>
  <datafield tag="010" ind1=" " ind2=" ">
    <subfield code="a">  2012200347</subfield>
  </datafield>
  <datafield tag="016" ind1="7" ind2=" ">
    <subfield code="a">101597411</subfield>
    <subfield code="2">DNLM</subfield>
  </datafield>
  <datafield tag="016" ind1="7" ind2=" ">
    <subfield code="a">016212047</subfield>
    <subfield code="2">Uk</subfield>
  </datafield>
  <datafield tag="022" ind1="0" ind2=" ">
    <subfield code="a">2168-4790</subfield>
    <subfield code="l">2168-4790</subfield>
    <subfield code="2">2</subfield>
  </datafield>
  <datafield tag="032" ind1=" " ind2=" ">
    <subfield code="a">009715</subfield>
    <subfield code="b">USPS</subfield>
  </datafield>
  <datafield tag="035" ind1=" " ind2=" ">
    <subfield code="a">(OCoLC)ocn796938866</subfield>
  </datafield>
  <datafield tag="037" ind1=" " ind2=" ">
    <subfield code="b">Sage Publications, 2455 Teller Rd., Thousand Oaks, CA 91320</subfield>
  </datafield>
  <datafield tag="040" ind1=" " ind2=" ">
    <subfield code="a">DLC</subfield>
    <subfield code="b">eng</subfield>
    <subfield code="e">rda</subfield>
    <subfield code="c">DLC</subfield>
    <subfield code="d">DLC</subfield>
    <subfield code="d">NLM</subfield>
    <subfield code="d">OCLCQ</subfield>
    <subfield code="d">CUD</subfield>
    <subfield code="d">DLC</subfield>
    <subfield code="d">OCLCF</subfield>
    <subfield code="d">OCLCO</subfield>
    <subfield code="d">OCLCQ</subfield>
    <subfield code="d">OCLCO</subfield>
    <subfield code="d">OCLCQ</subfield>
    <subfield code="d">UKMGB</subfield>
    <subfield code="d">NLM</subfield>
  </datafield>
  <datafield tag="042" ind1=" " ind2=" ">
    <subfield code="a">pcc</subfield>
    <subfield code="a">nsdp</subfield>
  </datafield>
  <datafield tag="050" ind1="0" ind2="0">
    <subfield code="a">RM1</subfield>
    <subfield code="b">.D78</subfield>
  </datafield>
  <datafield tag="060" ind1="0" ind2="0">
    <subfield code="a">W1</subfield>
    <subfield code="b">DR523P</subfield>
  </datafield>
  <datafield tag="082" ind1="0" ind2="4">
    <subfield code="a">615.1/05</subfield>
  </datafield>
  <datafield tag="130" ind1="0" ind2=" ">
    <subfield code="a">Therapeutic innovation &amp; regulatory science (Print)</subfield>
  </datafield>
  <datafield tag="210" ind1="0" ind2=" ">
    <subfield code="a">Ther. innov. regul. sci.</subfield>
    <subfield code="b">(Print)</subfield>
  </datafield>
  <datafield tag="222" ind1=" " ind2="0">
    <subfield code="a">Therapeutic innovation &amp; regulatory science</subfield>
    <subfield code="b">(Print)</subfield>
  </datafield>
  <datafield tag="245" ind1="1" ind2="0">
    <subfield code="a">Therapeutic innovation &amp; regulatory science.</subfield>
  </datafield>
  <datafield tag="246" ind1="3" ind2=" ">
    <subfield code="a">Therapeutic innovation and regulatory science</subfield>
  </datafield>
  <datafield tag="246" ind1="1" ind2=" ">
    <subfield code="a">TIRS</subfield>
  </datafield>
  <datafield tag="264" ind1=" " ind2="1">
    <subfield code="a">Thousand Oaks, CA :</subfield>
    <subfield code="b">SAGE Publications Inc.,</subfield>
    <subfield code="c">[2013]-</subfield>
  </datafield>
  <datafield tag="264" ind1="3" ind2="1">
    <subfield code="3">2020- :</subfield>
    <subfield code="a">Cham, Switzerland :</subfield>
    <subfield code="b">Springer International Publishing</subfield>
  </datafield>
  <datafield tag="310" ind1=" " ind2=" ">
    <subfield code="a">Bimonthly</subfield>
  </datafield>
  <datafield tag="336" ind1=" " ind2=" ">
    <subfield code="a">text</subfield>
    <subfield code="b">txt</subfield>
    <subfield code="2">rdacontent</subfield>
  </datafield>
  <datafield tag="337" ind1=" " ind2=" ">
    <subfield code="a">unmediated</subfield>
    <subfield code="b">n</subfield>
    <subfield code="2">rdamedia</subfield>
  </datafield>
  <datafield tag="338" ind1=" " ind2=" ">
    <subfield code="a">volume</subfield>
    <subfield code="b">nc</subfield>
    <subfield code="2">rdacarrier</subfield>
  </datafield>
  <datafield tag="362" ind1="1" ind2=" ">
    <subfield code="a">Began with: Volume 47, number 1 (January 2013).</subfield>
  </datafield>
  <datafield tag="525" ind1=" " ind2=" ">
    <subfield code="a">Supplements accompany some issues.</subfield>
  </datafield>
  <datafield tag="550" ind1=" " ind2=" ">
    <subfield code="a">&quot;Official journal of DIA.&quot;</subfield>
  </datafield>
  <datafield tag="588" ind1=" " ind2=" ">
    <subfield code="a">Description based on: Volume 47, number 1 (January 2013); title from cover.</subfield>
  </datafield>
  <datafield tag="588" ind1=" " ind2=" ">
    <subfield code="a">Latest issue consulted: Volume 47, number 1 (January 2013).</subfield>
  </datafield>
  <datafield tag="650" ind1=" " ind2="0">
    <subfield code="a">Drugs</subfield>
    <subfield code="v">Periodicals.</subfield>
  </datafield>
  <datafield tag="650" ind1=" " ind2="0">
    <subfield code="a">Pharmacology</subfield>
    <subfield code="v">Periodicals.</subfield>
  </datafield>
  <datafield tag="650" ind1=" " ind2="2">
    <subfield code="a">Pharmaceutical Preparations.</subfield>
  </datafield>
  <datafield tag="650" ind1=" " ind2="7">
    <subfield code="a">Drugs.</subfield>
    <subfield code="2">fast</subfield>
    <subfield code="0">(OCoLC)fst00898761</subfield>
  </datafield>
  <datafield tag="650" ind1=" " ind2="7">
    <subfield code="a">Pharmacology.</subfield>
    <subfield code="2">fast</subfield>
    <subfield code="0">(OCoLC)fst01060259</subfield>
  </datafield>
  <datafield tag="655" ind1=" " ind2="2">
    <subfield code="a">Periodicals.</subfield>
  </datafield>
  <datafield tag="655" ind1=" " ind2="7">
    <subfield code="a">Periodicals.</subfield>
    <subfield code="2">fast</subfield>
    <subfield code="0">(OCoLC)fst01411641</subfield>
  </datafield>
  <datafield tag="710" ind1="2" ind2=" ">
    <subfield code="a">Drug Information Association,</subfield>
    <subfield code="e">issuing body.</subfield>
  </datafield>
  <datafield tag="776" ind1="0" ind2="8">
    <subfield code="i">Online version:</subfield>
    <subfield code="t">Therapeutic innovation &amp; regulatory science (Online)</subfield>
    <subfield code="x">2168-4804</subfield>
    <subfield code="w">(DLC)  2012200346</subfield>
    <subfield code="w">(OCoLC)796939343</subfield>
  </datafield>
  <datafield tag="780" ind1="0" ind2="0">
    <subfield code="t">Drug information journal</subfield>
    <subfield code="x">0092-8615</subfield>
    <subfield code="w">(DLC)   75643315</subfield>
    <subfield code="w">(OCoLC)2245968</subfield>
  </datafield>
  <datafield tag="850" ind1=" " ind2=" ">
    <subfield code="a">DLC</subfield>
  </datafield>
  <datafield tag="859" ind1="4" ind2="1">
    <subfield code="u">http://www.uk.sagepub.com/journals/Journal202090</subfield>
  </datafield>
  <datafield tag="859" ind1="4" ind2="1">
    <subfield code="u">http://www.tirs.sagepub.com</subfield>
  </datafield>
  <datafield tag="859" ind1="4" ind2="1">
    <subfield code="u">http://diahome.org</subfield>
  </datafield>
  <datafield tag="859" ind1="4" ind2="1">
    <subfield code="u">https://link.springer.com/journal/43441</subfield>
  </datafield>
  <datafield tag="906" ind1=" " ind2=" ">
    <subfield code="a">7</subfield>
    <subfield code="b">cbc</subfield>
    <subfield code="c">sercoop</subfield>
    <subfield code="d">2</subfield>
    <subfield code="e">ncip</subfield>
    <subfield code="f">20</subfield>
    <subfield code="g">n-oclcserc</subfield>
  </datafield>
  <datafield tag="925" ind1="0" ind2=" ">
    <subfield code="a">Acquire</subfield>
    <subfield code="b">1 shelf copy</subfield>
    <subfield code="x">policy default, 2013-06-27</subfield>
  </datafield>
  <datafield tag="955" ind1=" " ind2=" ">
    <subfield code="b">xf15 2012-06-27</subfield>
    <subfield code="j">xf15 2012-06-27</subfield>
    <subfield code="c">xf02 2013-01-25</subfield>
    <subfield code="a">rjc, 2013-06-27 to USGEN/SER</subfield>
    <subfield code="g">rh13 2013-06-27 to LS/USGEN/SER-AHS</subfield>
    <subfield code="a">rh00 2013-06-27 LS/USGEN/SER-AHS CONSER shelf</subfield>
    <subfield code="a">rh13 2013-06-27 telework</subfield>
    <subfield code="i">rh13 2014-01-11</subfield>
    <subfield code="a">rh13 2014-01-11 to Ser</subfield>
  </datafield>
  <datafield tag="963" ind1=" " ind2=" ">
    <subfield code="a">adam.koscak@sagepub.com</subfield>
  </datafield>
</record>