
<record>
  <leader>07348cas a2201225 a 4500</leader>
  <controlfield tag="001">17655185</controlfield>
  <controlfield tag="005">20200104075809.0</controlfield>
  <controlfield tag="006">m    fo  d        </controlfield>
  <controlfield tag="007">cr |||||||||||</controlfield>
  <controlfield tag="008">751101c19429999sp fr p o     0    0spa c</controlfield>
  <datafield tag="010" ind1=" " ind2=" ">
    <subfield code="a">  2013263028</subfield>
  </datafield>
  <datafield tag="016" ind1="7" ind2=" ">
    <subfield code="a">2210115-9</subfield>
    <subfield code="2">DE-600</subfield>
  </datafield>
  <datafield tag="022" ind1=" " ind2=" ">
    <subfield code="a">1988-284X</subfield>
    <subfield code="y">0034-8244</subfield>
  </datafield>
  <datafield tag="035" ind1=" " ind2=" ">
    <subfield code="a">(OCoLC)ocm61283850 </subfield>
  </datafield>
  <datafield tag="040" ind1=" " ind2=" ">
    <subfield code="a">QCL</subfield>
    <subfield code="b">eng</subfield>
    <subfield code="c">QCL</subfield>
    <subfield code="d">OCLCQ</subfield>
    <subfield code="d">UPM</subfield>
    <subfield code="d">TXJ</subfield>
    <subfield code="d">OCLCQ</subfield>
    <subfield code="d">TXA</subfield>
    <subfield code="d">OCLCF</subfield>
    <subfield code="d">OCLCQ</subfield>
    <subfield code="d">OCLCO</subfield>
    <subfield code="d">OCLCE</subfield>
    <subfield code="d">OCLCQ</subfield>
    <subfield code="d">LGG</subfield>
    <subfield code="d">HEBIS</subfield>
    <subfield code="d">OCLCQ</subfield>
    <subfield code="d">OCLCA</subfield>
    <subfield code="d">VT2</subfield>
    <subfield code="d">Z5A</subfield>
    <subfield code="d">OCLCO</subfield>
    <subfield code="d">CUS</subfield>
  </datafield>
  <datafield tag="041" ind1="0" ind2=" ">
    <subfield code="a">spa</subfield>
    <subfield code="a">eng</subfield>
    <subfield code="a">ger</subfield>
  </datafield>
  <datafield tag="042" ind1=" " ind2=" ">
    <subfield code="a">pcc</subfield>
    <subfield code="a">dlr</subfield>
  </datafield>
  <datafield tag="050" ind1="0" ind2="0">
    <subfield code="a">B5</subfield>
    <subfield code="b">.R4</subfield>
  </datafield>
  <datafield tag="245" ind1="0" ind2="0">
    <subfield code="a">Revista de filosofía.</subfield>
  </datafield>
  <datafield tag="260" ind1=" " ind2=" ">
    <subfield code="3">1942- :</subfield>
    <subfield code="a">Madrid :</subfield>
    <subfield code="b">Instituto de Filosofía &quot;Luis Vives&quot;,</subfield>
    <subfield code="c">1942-</subfield>
  </datafield>
  <datafield tag="260" ind1="3" ind2=" ">
    <subfield code="3">1987- :</subfield>
    <subfield code="a">Madrid :</subfield>
    <subfield code="b">Faculdad de Filosofía, Universidad Complutense de Madrid</subfield>
  </datafield>
  <datafield tag="310" ind1=" " ind2=" ">
    <subfield code="a">Semiannual,</subfield>
    <subfield code="b">1990-</subfield>
  </datafield>
  <datafield tag="321" ind1=" " ind2=" ">
    <subfield code="a">Frequency varies,</subfield>
    <subfield code="b">1942-1989</subfield>
  </datafield>
  <datafield tag="336" ind1=" " ind2=" ">
    <subfield code="a">text</subfield>
    <subfield code="b">txt</subfield>
    <subfield code="2">rdacontent</subfield>
  </datafield>
  <datafield tag="337" ind1=" " ind2=" ">
    <subfield code="a">computer</subfield>
    <subfield code="b">c</subfield>
    <subfield code="2">rdamedia</subfield>
  </datafield>
  <datafield tag="338" ind1=" " ind2=" ">
    <subfield code="a">online resource</subfield>
    <subfield code="b">cr</subfield>
    <subfield code="2">rdacarrier</subfield>
  </datafield>
  <datafield tag="362" ind1="0" ind2=" ">
    <subfield code="a">Año 1, núm. 1 (1942)-año 28, no. 111 (1969) ; 2. ser., 1 (nov. 1975)-2. ser., 9 (1986) ; Vol. 1 (1987/1988)-</subfield>
  </datafield>
  <datafield tag="506" ind1=" " ind2=" ">
    <subfield code="3">Use copy</subfield>
    <subfield code="f">Restrictions unspecified</subfield>
    <subfield code="2">star</subfield>
    <subfield code="5">MiAaHDL</subfield>
  </datafield>
  <datafield tag="515" ind1=" " ind2=" ">
    <subfield code="a">Some numbers issued in combined form.</subfield>
  </datafield>
  <datafield tag="515" ind1=" " ind2=" ">
    <subfield code="a">None published: 1970-1974, 1976-1978.</subfield>
  </datafield>
  <datafield tag="533" ind1=" " ind2=" ">
    <subfield code="a">Electronic reproduction.</subfield>
    <subfield code="b">[S.l.] :</subfield>
    <subfield code="c">HathiTrust Digital Library,</subfield>
    <subfield code="d">2010.</subfield>
    <subfield code="5">MiAaHDL</subfield>
  </datafield>
  <datafield tag="538" ind1=" " ind2=" ">
    <subfield code="a">Master and use copy. Digital master created according to Benchmark for Faithful Digital Reproductions of Monographs and Serials, Version 1. Digital Library Federation, December 2002.</subfield>
    <subfield code="u">http://purl.oclc.org/DLF/benchrepro0212</subfield>
    <subfield code="5">MiAaHDL</subfield>
  </datafield>
  <datafield tag="538" ind1=" " ind2=" ">
    <subfield code="a">Mode of access: World Wide Web.</subfield>
  </datafield>
  <datafield tag="546" ind1=" " ind2=" ">
    <subfield code="a">Articles in Spanish, with contributions in English and German.</subfield>
  </datafield>
  <datafield tag="583" ind1="1" ind2=" ">
    <subfield code="a">digitized</subfield>
    <subfield code="c">2010</subfield>
    <subfield code="h">HathiTrust Digital Library</subfield>
    <subfield code="l">committed to preserve</subfield>
    <subfield code="2">pda</subfield>
    <subfield code="5">MiAaHDL</subfield>
  </datafield>
  <datafield tag="588" ind1=" " ind2=" ">
    <subfield code="a">Description based on: Año 1, núm. 1 (1942); title from PDF title page (PAO, viewed Feb. 26, 2013).</subfield>
  </datafield>
  <datafield tag="588" ind1=" " ind2=" ">
    <subfield code="a">Latest issue consulted: Vol. 37, núm. 1 (2012) (ProQuest, viewed Mar. 11, 2013).</subfield>
  </datafield>
  <datafield tag="650" ind1=" " ind2="0">
    <subfield code="a">Philosophy</subfield>
    <subfield code="v">Periodicals.</subfield>
  </datafield>
  <datafield tag="650" ind1=" " ind2="6">
    <subfield code="a">Philosophie</subfield>
    <subfield code="v">Périodiques.</subfield>
  </datafield>
  <datafield tag="650" ind1=" " ind2="7">
    <subfield code="a">Philosophy.</subfield>
    <subfield code="2">fast</subfield>
    <subfield code="0">(OCoLC)fst01060777</subfield>
  </datafield>
  <datafield tag="655" ind1=" " ind2="7">
    <subfield code="a">Periodicals.</subfield>
    <subfield code="2">fast</subfield>
    <subfield code="0">(OCoLC)fst01411641</subfield>
  </datafield>
  <datafield tag="655" ind1=" " ind2="0">
    <subfield code="a">Electronic journals.</subfield>
  </datafield>
  <datafield tag="710" ind1="2" ind2=" ">
    <subfield code="a">Instituto Luis Vives de Filosofía.</subfield>
  </datafield>
  <datafield tag="710" ind1="2" ind2=" ">
    <subfield code="a">Universidad Complutense de Madrid.</subfield>
    <subfield code="b">Facultad de Filosofía.</subfield>
  </datafield>
  <datafield tag="776" ind1="0" ind2="8">
    <subfield code="i">Print version:</subfield>
    <subfield code="t">Revista de filosofía (Madrid, Spain)</subfield>
    <subfield code="x">0034-8244</subfield>
    <subfield code="w">(DLC)   48032024</subfield>
    <subfield code="w">(OCoLC)1763909</subfield>
  </datafield>
  <datafield tag="859" ind1="4" ind2="0">
    <subfield code="u">http://bibpurl.oclc.org/web/90988</subfield>
    <subfield code="u">http://revistas.ucm.es/index.php/RESF/</subfield>
  </datafield>
  <datafield tag="859" ind1="4" ind2="0">
    <subfield code="3">1942-1986</subfield>
    <subfield code="u">http://pcift.chadwyck.co.uk/</subfield>
  </datafield>
  <datafield tag="859" ind1="4" ind2="0">
    <subfield code="3">1987-</subfield>
    <subfield code="u">http://revistas.ucm.es/index.php/RESF/index</subfield>
  </datafield>
  <datafield tag="859" ind1="4" ind2="0">
    <subfield code="3">2006-</subfield>
    <subfield code="u">http://search.proquest.com/publication/55447</subfield>
  </datafield>
  <datafield tag="859" ind1="4" ind2="0">
    <subfield code="3">Google, v.26 1967</subfield>
    <subfield code="u">http://books.google.com/books?id=p1IauZuAIOwC</subfield>
  </datafield>
  <datafield tag="859" ind1="4" ind2="0">
    <subfield code="3">Google, v.13 1954</subfield>
    <subfield code="u">http://books.google.com/books?id=4bQpahMClNUC</subfield>
  </datafield>
  <datafield tag="859" ind1="4" ind2="0">
    <subfield code="3">Google, v.18 1959</subfield>
    <subfield code="u">http://books.google.com/books?id=whHVkME9fLoC</subfield>
  </datafield>
  <datafield tag="859" ind1="4" ind2="0">
    <subfield code="3">Google, v.5 1946</subfield>
    <subfield code="u">http://books.google.com/books?id=w18YQm7vIVAC</subfield>
  </datafield>
  <datafield tag="859" ind1="4" ind2="0">
    <subfield code="3">Google, v.16 1957</subfield>
    <subfield code="u">http://books.google.com/books?id=fp_4PgTO_5AC</subfield>
  </datafield>
  <datafield tag="859" ind1="4" ind2="0">
    <subfield code="3">Google, v.25 1966</subfield>
    <subfield code="u">http://books.google.com/books?id=kbtshmFPwZoC</subfield>
  </datafield>
  <datafield tag="859" ind1="4" ind2="0">
    <subfield code="3">Google, v.8 1949</subfield>
    <subfield code="u">http://books.google.com/books?id=-qlgubP93wYC</subfield>
  </datafield>
  <datafield tag="859" ind1="4" ind2="0">
    <subfield code="3">Google, v.28 1969</subfield>
    <subfield code="u">http://books.google.com/books?id=rL9SA5dWaykC</subfield>
  </datafield>
  <datafield tag="859" ind1="4" ind2="0">
    <subfield code="3">Google, ser.2 v.1</subfield>
    <subfield code="u">http://books.google.com/books?id=rS3EDdROZ8wC</subfield>
  </datafield>
  <datafield tag="859" ind1="4" ind2="0">
    <subfield code="3">Google, v.7 1948</subfield>
    <subfield code="u">http://books.google.com/books?id=_OQaM4m-5VIC</subfield>
  </datafield>
  <datafield tag="859" ind1="4" ind2="0">
    <subfield code="3">Google, v.14 1955</subfield>
    <subfield code="u">http://books.google.com/books?id=K2EIfHLJL94C</subfield>
  </datafield>
  <datafield tag="859" ind1="4" ind2="0">
    <subfield code="3">Google, v.12 1953</subfield>
    <subfield code="u">http://books.google.com/books?id=HDNGcMcFvlMC</subfield>
  </datafield>
  <datafield tag="859" ind1="4" ind2="0">
    <subfield code="3">Google, v.10 1951</subfield>
    <subfield code="u">http://books.google.com/books?id=zmm1C1d6u4EC</subfield>
  </datafield>
  <datafield tag="859" ind1="4" ind2="0">
    <subfield code="3">Google, v.6 1947</subfield>
    <subfield code="u">http://books.google.com/books?id=DcC9T1EyAXoC</subfield>
  </datafield>
  <datafield tag="859" ind1="4" ind2="0">
    <subfield code="3">Google, v.11 1952</subfield>
    <subfield code="u">http://books.google.com/books?id=d3yjO6W1hvIC</subfield>
  </datafield>
  <datafield tag="859" ind1="4" ind2="0">
    <subfield code="3">Google, v.19 1960</subfield>
    <subfield code="u">http://books.google.com/books?id=SvZPzlSWy6IC</subfield>
  </datafield>
  <datafield tag="859" ind1="4" ind2="0">
    <subfield code="3">Google, v.17 1958</subfield>
    <subfield code="u">http://books.google.com/books?id=jQTWX1Oe_koC</subfield>
  </datafield>
  <datafield tag="859" ind1="4" ind2="0">
    <subfield code="3">Google, v.20 1961</subfield>
    <subfield code="u">http://books.google.com/books?id=WTfOnUbkwAoC</subfield>
  </datafield>
  <datafield tag="859" ind1="4" ind2="0">
    <subfield code="3">Google, v.23-24 1964-1965</subfield>
    <subfield code="u">http://books.google.com/books?id=aV8kBaUygosC</subfield>
  </datafield>
  <datafield tag="859" ind1="4" ind2="0">
    <subfield code="3">Google, ser.2 v.2 1979 Jan-Jun</subfield>
    <subfield code="u">http://books.google.com/books?id=10bnKuBmlLUC</subfield>
  </datafield>
  <datafield tag="859" ind1="4" ind2="0">
    <subfield code="3">Google, v.1-2 no.1-7 1942-1943</subfield>
    <subfield code="u">http://books.google.com/books?id=KgEyYQMPfYwC</subfield>
  </datafield>
  <datafield tag="859" ind1="4" ind2="0">
    <subfield code="3">Google, v.21 1962</subfield>
    <subfield code="u">http://books.google.com/books?id=fBTMczWcodIC</subfield>
  </datafield>
  <datafield tag="859" ind1="4" ind2="0">
    <subfield code="3">Google, ser.2 v.2 1979 Jul-Dec</subfield>
    <subfield code="u">http://books.google.com/books?id=hCjTPO71ebYC</subfield>
  </datafield>
  <datafield tag="859" ind1="4" ind2="0">
    <subfield code="3">Google, v.22 1963</subfield>
    <subfield code="u">http://books.google.com/books?id=8bwCxOf4biMC</subfield>
  </datafield>
  <datafield tag="859" ind1="4" ind2="0">
    <subfield code="3">Google, v.15 1956</subfield>
    <subfield code="u">http://books.google.com/books?id=GZmh3JUmIDcC</subfield>
  </datafield>
  <datafield tag="859" ind1="4" ind2="0">
    <subfield code="3">Google, v.9 1950</subfield>
    <subfield code="u">http://books.google.com/books?id=vgI9FdNlXQ4C</subfield>
  </datafield>
  <datafield tag="859" ind1="4" ind2="0">
    <subfield code="3">Google, ser.3 v.12 no.21-22 1999</subfield>
    <subfield code="u">http://books.google.com/books?id=sjAKAQAAMAAJ</subfield>
  </datafield>
  <datafield tag="859" ind1="4" ind2="0">
    <subfield code="3">Google, ser.3 v.14 no.25-26 2001</subfield>
    <subfield code="u">http://books.google.com/books?id=-CwKAQAAMAAJ</subfield>
  </datafield>
  <datafield tag="859" ind1="4" ind2="0">
    <subfield code="3">Google, ser.3 v.13 no.23-24 2000</subfield>
    <subfield code="u">http://books.google.com/books?id=3z4KAQAAMAAJ</subfield>
  </datafield>
  <datafield tag="859" ind1="4" ind2="0">
    <subfield code="3">Google, v.28:no.1-2(2003)</subfield>
    <subfield code="u">http://books.google.com/books?id=cy0KAQAAMAAJ</subfield>
  </datafield>
  <datafield tag="859" ind1="4" ind2="0">
    <subfield code="3">Google, v.27:no.1-2(2002)</subfield>
    <subfield code="u">http://books.google.com/books?id=Py0KAQAAMAAJ</subfield>
  </datafield>
  <datafield tag="859" ind1="4" ind2="0">
    <subfield code="3">Google, ser.3 v.11 no.19-20 1998</subfield>
    <subfield code="u">http://books.google.com/books?id=czAKAQAAMAAJ</subfield>
  </datafield>
  <datafield tag="859" ind1="4" ind2="0">
    <subfield code="3">Google, v.29:no.1-2(2004)</subfield>
    <subfield code="u">http://books.google.com/books?id=nS0KAQAAMAAJ</subfield>
  </datafield>
  <datafield tag="859" ind1="4" ind2="0">
    <subfield code="3">Google, v.3-4 no.8-15 1944-1945</subfield>
    <subfield code="u">http://books.google.com/books?id=A2Ydv7cpcFoC</subfield>
  </datafield>
  <datafield tag="859" ind1="4" ind2="0">
    <subfield code="3">Google, v.18(1997)</subfield>
    <subfield code="u">http://books.google.com/books?id=EDAKAQAAMAAJ</subfield>
  </datafield>
  <datafield tag="859" ind1="4" ind2="0">
    <subfield code="3">Google</subfield>
    <subfield code="u">http://books.google.com/books?id=8PtDAAAAIAAJ</subfield>
  </datafield>
  <datafield tag="859" ind1="4" ind2="0">
    <subfield code="3">Google</subfield>
    <subfield code="u">http://books.google.com/books?id=LrAaAQAAMAAJ</subfield>
  </datafield>
  <datafield tag="859" ind1="4" ind2="0">
    <subfield code="3">Google</subfield>
    <subfield code="u">http://books.google.com/books?id=FLEaAQAAMAAJ</subfield>
  </datafield>
  <datafield tag="859" ind1="4" ind2="0">
    <subfield code="3">Google</subfield>
    <subfield code="u">http://books.google.com/books?id=v5NUAAAAYAAJ</subfield>
  </datafield>
  <datafield tag="859" ind1="4" ind2="0">
    <subfield code="3">Google</subfield>
    <subfield code="u">http://books.google.com/books?id=4bAaAQAAMAAJ</subfield>
  </datafield>
  <datafield tag="859" ind1="4" ind2="0">
    <subfield code="3">Google</subfield>
    <subfield code="u">http://books.google.com/books?id=0bEaAQAAMAAJ</subfield>
  </datafield>
  <datafield tag="859" ind1="4" ind2="0">
    <subfield code="3">Google</subfield>
    <subfield code="u">http://books.google.com/books?id=CZRUAAAAYAAJ</subfield>
  </datafield>
  <datafield tag="859" ind1="4" ind2="0">
    <subfield code="3">Google</subfield>
    <subfield code="u">http://books.google.com/books?id=MrIaAQAAMAAJ</subfield>
  </datafield>
  <datafield tag="859" ind1="4" ind2="0">
    <subfield code="3">Google</subfield>
    <subfield code="u">http://books.google.com/books?id=RpRUAAAAYAAJ</subfield>
  </datafield>
  <datafield tag="859" ind1="4" ind2="0">
    <subfield code="3">Google</subfield>
    <subfield code="u">http://books.google.com/books?id=g5RUAAAAYAAJ</subfield>
  </datafield>
  <datafield tag="859" ind1="4" ind2="0">
    <subfield code="3">Google</subfield>
    <subfield code="u">http://books.google.com/books?id=u5RUAAAAYAAJ</subfield>
  </datafield>
  <datafield tag="859" ind1="4" ind2="0">
    <subfield code="3">HathiTrust Digital Library, Limited view (search only)</subfield>
    <subfield code="u">http://catalog.hathitrust.org/api/volumes/oclc/1763909.html</subfield>
  </datafield>
  <datafield tag="859" ind1="4" ind2="0">
    <subfield code="3">HathiTrust Digital Library</subfield>
    <subfield code="u">http://catalog.hathitrust.org/api/volumes/oclc/1763909.html</subfield>
  </datafield>
  <datafield tag="859" ind1="4" ind2="0">
    <subfield code="u">http://www.filosofia.org/hem/dep/rdf/index.htm</subfield>
  </datafield>
  <datafield tag="859" ind1="4" ind2="0">
    <subfield code="3">Google</subfield>
    <subfield code="u">http://books.google.com/books?id=ilmqR-f1DGYC</subfield>
  </datafield>
  <datafield tag="859" ind1="4" ind2="0">
    <subfield code="3">Google</subfield>
    <subfield code="u">http://books.google.com/books?id=pAjQzJyPOuIC</subfield>
  </datafield>
  <datafield tag="859" ind1="4" ind2="0">
    <subfield code="3">Google</subfield>
    <subfield code="u">http://books.google.com/books?id=0SGS_9fOt28C</subfield>
  </datafield>
  <datafield tag="859" ind1="4" ind2="0">
    <subfield code="3">Google</subfield>
    <subfield code="u">http://books.google.com/books?id=D0sUTD4bPO0C</subfield>
  </datafield>
  <datafield tag="859" ind1="4" ind2="0">
    <subfield code="3">Google</subfield>
    <subfield code="u">http://books.google.com/books?id=H3NiyfRDD0wC</subfield>
  </datafield>
  <datafield tag="859" ind1="4" ind2="0">
    <subfield code="3">Google</subfield>
    <subfield code="u">http://books.google.com/books?id=NKnpLE9xWO0C</subfield>
  </datafield>
  <datafield tag="859" ind1="4" ind2="0">
    <subfield code="3">Google</subfield>
    <subfield code="u">http://books.google.com/books?id=xN0r62YG4CAC</subfield>
  </datafield>
</record>