
<record>
  <leader>04959cas a2200961 a 4500</leader>
  <controlfield tag="001">17948575</controlfield>
  <controlfield tag="005">20200104075803.0</controlfield>
  <controlfield tag="006">m     o  d        </controlfield>
  <controlfield tag="007">cr |||||||||||</controlfield>
  <controlfield tag="008">051221d19492013enkbr pso     1   a0eng c</controlfield>
  <datafield tag="010" ind1=" " ind2=" ">
    <subfield code="a">  2004698517</subfield>
  </datafield>
  <datafield tag="016" ind1="7" ind2=" ">
    <subfield code="a">012432142</subfield>
    <subfield code="2">Uk</subfield>
  </datafield>
  <datafield tag="016" ind1="7" ind2=" ">
    <subfield code="a">2034100-3</subfield>
    <subfield code="2">DE-600</subfield>
  </datafield>
  <datafield tag="016" ind1="7" ind2=" ">
    <subfield code="a">2034100-3</subfield>
    <subfield code="2">DE-600</subfield>
  </datafield>
  <datafield tag="022" ind1=" " ind2=" ">
    <subfield code="a">1758-3748</subfield>
    <subfield code="l">0001-253X</subfield>
    <subfield code="2">2</subfield>
  </datafield>
  <datafield tag="035" ind1=" " ind2=" ">
    <subfield code="a">(OCoLC)ocm46960393 </subfield>
  </datafield>
  <datafield tag="040" ind1=" " ind2=" ">
    <subfield code="a">MUS</subfield>
    <subfield code="b">eng</subfield>
    <subfield code="e">pn</subfield>
    <subfield code="e">pn</subfield>
    <subfield code="c">MUS</subfield>
    <subfield code="d">OCLCQ</subfield>
    <subfield code="d">CNU</subfield>
    <subfield code="d">OCL</subfield>
    <subfield code="d">GUA</subfield>
    <subfield code="d">OCLCQ</subfield>
    <subfield code="d">VRC</subfield>
    <subfield code="d">OCLCQ</subfield>
    <subfield code="d">OCLCF</subfield>
    <subfield code="d">TXA</subfield>
    <subfield code="d">OCLCE</subfield>
    <subfield code="d">AU@</subfield>
    <subfield code="d">LGG</subfield>
    <subfield code="d">FJM</subfield>
    <subfield code="d">CCT</subfield>
    <subfield code="d">OCLCO</subfield>
    <subfield code="d">UKMGB</subfield>
    <subfield code="d">OCLCO</subfield>
    <subfield code="d">OCLCQ</subfield>
    <subfield code="d">VT2</subfield>
    <subfield code="d">OCLCO</subfield>
    <subfield code="d">OCLCQ</subfield>
    <subfield code="d">ZAC</subfield>
    <subfield code="d">OCLCA</subfield>
    <subfield code="d">BUF</subfield>
    <subfield code="d">OCLCO</subfield>
    <subfield code="d">U3W</subfield>
    <subfield code="d">EZC</subfield>
    <subfield code="d">DLC</subfield>
    <subfield code="d">AUD</subfield>
    <subfield code="d">OCLCO</subfield>
    <subfield code="d">WYU</subfield>
    <subfield code="d">OCLCA</subfield>
    <subfield code="d">UHL</subfield>
    <subfield code="d">OCLCQ</subfield>
  </datafield>
  <datafield tag="042" ind1=" " ind2=" ">
    <subfield code="a">pcc</subfield>
    <subfield code="a">dlr</subfield>
  </datafield>
  <datafield tag="043" ind1=" " ind2=" ">
    <subfield code="a">e-uk---</subfield>
  </datafield>
  <datafield tag="050" ind1="0" ind2="0">
    <subfield code="a">Z673</subfield>
  </datafield>
  <datafield tag="060" ind1="1" ind2="0">
    <subfield code="a">Z 673</subfield>
    <subfield code="b">A835p</subfield>
  </datafield>
  <datafield tag="082" ind1="0" ind2="4">
    <subfield code="a">026.006242</subfield>
  </datafield>
  <datafield tag="130" ind1="0" ind2=" ">
    <subfield code="a">Aslib proceedings (Online)</subfield>
  </datafield>
  <datafield tag="222" ind1=" " ind2="0">
    <subfield code="a">Aslib proceedings</subfield>
    <subfield code="b">(Online)</subfield>
  </datafield>
  <datafield tag="245" ind1="1" ind2="0">
    <subfield code="a">Aslib proceedings.</subfield>
  </datafield>
  <datafield tag="246" ind1="1" ind2=" ">
    <subfield code="a">Aslib proc</subfield>
  </datafield>
  <datafield tag="246" ind1="1" ind2=" ">
    <subfield code="a">AP</subfield>
  </datafield>
  <datafield tag="264" ind1=" " ind2="1">
    <subfield code="3">1949- :</subfield>
    <subfield code="a">[London] :</subfield>
    <subfield code="b">[Aslib],</subfield>
    <subfield code="c">1949-2013.</subfield>
  </datafield>
  <datafield tag="264" ind1="3" ind2="1">
    <subfield code="3">&lt;2006&gt;-2013 :</subfield>
    <subfield code="a">[Bradford, England] :</subfield>
    <subfield code="b">Emerald Group Publishing</subfield>
  </datafield>
  <datafield tag="300" ind1=" " ind2=" ">
    <subfield code="a">1 online resource</subfield>
  </datafield>
  <datafield tag="310" ind1=" " ind2=" ">
    <subfield code="a">Bimonthly,</subfield>
    <subfield code="b">2002-2013</subfield>
  </datafield>
  <datafield tag="321" ind1=" " ind2=" ">
    <subfield code="a">Frequency varies,</subfield>
    <subfield code="b">1949-2001</subfield>
  </datafield>
  <datafield tag="336" ind1=" " ind2=" ">
    <subfield code="a">text</subfield>
    <subfield code="b">txt</subfield>
    <subfield code="2">rdacontent</subfield>
  </datafield>
  <datafield tag="337" ind1=" " ind2=" ">
    <subfield code="a">computer</subfield>
    <subfield code="b">c</subfield>
    <subfield code="2">rdamedia</subfield>
  </datafield>
  <datafield tag="338" ind1=" " ind2=" ">
    <subfield code="a">online resource</subfield>
    <subfield code="b">cr</subfield>
    <subfield code="2">rdacarrier</subfield>
  </datafield>
  <datafield tag="362" ind1="1" ind2=" ">
    <subfield code="a">Began with Vol. 1, issue 1 (1949); ceased with: Vol. 65, issue 6 (2013).</subfield>
  </datafield>
  <datafield tag="500" ind1=" " ind2=" ">
    <subfield code="a">New information perspectives.</subfield>
  </datafield>
  <datafield tag="506" ind1=" " ind2=" ">
    <subfield code="3">Use copy</subfield>
    <subfield code="f">Restrictions unspecified</subfield>
    <subfield code="2">star</subfield>
    <subfield code="5">MiAaHDL</subfield>
  </datafield>
  <datafield tag="515" ind1=" " ind2=" ">
    <subfield code="a">Some numbers issued in combined form.</subfield>
  </datafield>
  <datafield tag="533" ind1=" " ind2=" ">
    <subfield code="a">Electronic reproduction.</subfield>
    <subfield code="b">[S.l.] :</subfield>
    <subfield code="c">HathiTrust Digital Library,</subfield>
    <subfield code="d">2010.</subfield>
    <subfield code="5">MiAaHDL</subfield>
  </datafield>
  <datafield tag="538" ind1=" " ind2=" ">
    <subfield code="a">Master and use copy. Digital master created according to Benchmark for Faithful Digital Reproductions of Monographs and Serials, Version 1. Digital Library Federation, December 2002.</subfield>
    <subfield code="u">http://purl.oclc.org/DLF/benchrepro0212</subfield>
    <subfield code="5">MiAaHDL</subfield>
  </datafield>
  <datafield tag="580" ind1=" " ind2=" ">
    <subfield code="a">Formed by the union of: Proceedings of the British Society for International Bibliography, and: Association of Special Libraries and Information Bureaux (Great Britain). Conference. Report of proceedings of the ... conference ...</subfield>
  </datafield>
  <datafield tag="583" ind1="1" ind2=" ">
    <subfield code="a">digitized</subfield>
    <subfield code="c">2010</subfield>
    <subfield code="h">HathiTrust Digital Library</subfield>
    <subfield code="l">committed to preserve</subfield>
    <subfield code="2">pda</subfield>
    <subfield code="5">MiAaHDL</subfield>
  </datafield>
  <datafield tag="588" ind1=" " ind2=" ">
    <subfield code="a">Description based on: Vol. 1, issue 1 (1949); title from PDF article running title (Emerald Insight, viewed Mar. 20, 2014).</subfield>
  </datafield>
  <datafield tag="588" ind1=" " ind2=" ">
    <subfield code="a">Latest issue consulted: Vol. 65, issue 6 (2013) (viewed June 15, 2016).</subfield>
  </datafield>
  <datafield tag="650" ind1=" " ind2="0">
    <subfield code="a">Libraries</subfield>
    <subfield code="z">Great Britain</subfield>
    <subfield code="v">Periodicals.</subfield>
  </datafield>
  <datafield tag="650" ind1=" " ind2="0">
    <subfield code="a">Information science</subfield>
    <subfield code="v">Periodicals.</subfield>
  </datafield>
  <datafield tag="650" ind1=" " ind2="6">
    <subfield code="a">Bibliothèques spécialisées</subfield>
    <subfield code="z">Grande-Bretagne</subfield>
    <subfield code="v">Périodiques.</subfield>
  </datafield>
  <datafield tag="650" ind1=" " ind2="6">
    <subfield code="a">Bibliothéconomie</subfield>
    <subfield code="v">Périodiques.</subfield>
  </datafield>
  <datafield tag="650" ind1=" " ind2="7">
    <subfield code="a">Information science.</subfield>
    <subfield code="2">fast</subfield>
    <subfield code="0">(OCoLC)fst00972640</subfield>
  </datafield>
  <datafield tag="650" ind1=" " ind2="7">
    <subfield code="a">Libraries.</subfield>
    <subfield code="2">fast</subfield>
    <subfield code="0">(OCoLC)fst00997341</subfield>
  </datafield>
  <datafield tag="651" ind1=" " ind2="7">
    <subfield code="a">Great Britain.</subfield>
    <subfield code="2">fast</subfield>
    <subfield code="0">(OCoLC)fst01204623</subfield>
  </datafield>
  <datafield tag="650" ind1="1" ind2="7">
    <subfield code="a">Bibliotheekwezen.</subfield>
    <subfield code="2">gtt</subfield>
  </datafield>
  <datafield tag="650" ind1=" " ind2="7">
    <subfield code="a">BIBLIOTECAS</subfield>
    <subfield code="z">GRAN BRETANA</subfield>
    <subfield code="x">PUBLICACIONES PERIODICAS.</subfield>
    <subfield code="2">renib</subfield>
  </datafield>
  <datafield tag="650" ind1=" " ind2="2">
    <subfield code="a">Library Associations.</subfield>
  </datafield>
  <datafield tag="655" ind1=" " ind2="0">
    <subfield code="a">Electronic journals.</subfield>
  </datafield>
  <datafield tag="655" ind1=" " ind2="7">
    <subfield code="a">Periodicals.</subfield>
    <subfield code="2">fast</subfield>
    <subfield code="0">(OCoLC)fst01411641</subfield>
  </datafield>
  <datafield tag="710" ind1="2" ind2=" ">
    <subfield code="a">Aslib.</subfield>
  </datafield>
  <datafield tag="776" ind1="0" ind2="8">
    <subfield code="i">Print version:</subfield>
    <subfield code="t">Aslib proceedings</subfield>
    <subfield code="x">0001-253X</subfield>
    <subfield code="w">(DLC)   59024240</subfield>
    <subfield code="w">(OCoLC)2059961</subfield>
  </datafield>
  <datafield tag="780" ind1="1" ind2="4">
    <subfield code="t">Proceedings of the British Society for International Bibliography</subfield>
  </datafield>
  <datafield tag="780" ind1="1" ind2="4">
    <subfield code="a">Association of Special Libraries and Information Bureaux (Great Britain). Conference.</subfield>
    <subfield code="t">Report of proceedings of the ... conference ...</subfield>
  </datafield>
  <datafield tag="780" ind1="0" ind2="5">
    <subfield code="t">A.S.L.I.B. information (London, England : 1929)</subfield>
  </datafield>
  <datafield tag="785" ind1="0" ind2="1">
    <subfield code="t">Aslib information (London, England : 1973)</subfield>
  </datafield>
  <datafield tag="785" ind1="0" ind2="0">
    <subfield code="t">Aslib journal of information management</subfield>
    <subfield code="w">(DLC)  2014262100</subfield>
    <subfield code="w">(OCoLC)870966160</subfield>
  </datafield>
  <datafield tag="850" ind1=" " ind2=" ">
    <subfield code="a">DLC</subfield>
  </datafield>
  <datafield tag="859" ind1="4" ind2="0">
    <subfield code="3">Google, v.57:no.4-6(2005)</subfield>
    <subfield code="u">http://books.google.com/books?id=h0EPAQAAMAAJ</subfield>
  </datafield>
  <datafield tag="859" ind1="4" ind2="0">
    <subfield code="3">Google</subfield>
    <subfield code="u">http://books.google.com/books?id=A9pOAAAAIAAJ</subfield>
  </datafield>
  <datafield tag="859" ind1="4" ind2="0">
    <subfield code="3">Google</subfield>
    <subfield code="u">http://books.google.com/books?id=LNpOAAAAIAAJ</subfield>
  </datafield>
  <datafield tag="859" ind1="4" ind2="0">
    <subfield code="3">Google</subfield>
    <subfield code="u">http://books.google.com/books?id=W9tOAAAAIAAJ</subfield>
  </datafield>
  <datafield tag="859" ind1="4" ind2="0">
    <subfield code="3">HathiTrust Digital Library, Limited view (search only)</subfield>
    <subfield code="u">http://catalog.hathitrust.org/api/volumes/oclc/2059961.html</subfield>
  </datafield>
  <datafield tag="859" ind1="4" ind2="0">
    <subfield code="u">http://www.emeraldinsight.com/0001-253X.htm</subfield>
  </datafield>
  <datafield tag="859" ind1="4" ind2="0">
    <subfield code="u">http://www.bellhowell.infolearning.com/proquest</subfield>
  </datafield>
  <datafield tag="859" ind1="4" ind2=" ">
    <subfield code="u">http://firstsearch.oclc.org</subfield>
  </datafield>
  <datafield tag="859" ind1="4" ind2=" ">
    <subfield code="u">http://firstsearch.oclc.org/journal=0001-253x;screen=info;ECOIP</subfield>
  </datafield>
  <datafield tag="859" ind1="4" ind2="0">
    <subfield code="3">Google</subfield>
    <subfield code="u">http://books.google.com/books?id=xbT2j-W1lyMC</subfield>
  </datafield>
  <datafield tag="859" ind1="4" ind2="0">
    <subfield code="3">Google</subfield>
    <subfield code="u">http://books.google.com/books?id=NzguyhysVsAC</subfield>
  </datafield>
  <datafield tag="859" ind1="4" ind2="0">
    <subfield code="3">Google</subfield>
    <subfield code="u">http://books.google.com/books?id=S3Bu5UUGtnAC</subfield>
  </datafield>
  <datafield tag="859" ind1="4" ind2="0">
    <subfield code="3">Google</subfield>
    <subfield code="u">http://books.google.com/books?id=MuH-RBcQ1_8C</subfield>
  </datafield>
  <datafield tag="859" ind1="4" ind2="0">
    <subfield code="3">Google</subfield>
    <subfield code="u">http://books.google.com/books?id=OqHEHY32_rYC</subfield>
  </datafield>
  <datafield tag="906" ind1=" " ind2=" ">
    <subfield code="a">7</subfield>
    <subfield code="b">cbc</subfield>
    <subfield code="c">sercoop</subfield>
    <subfield code="d">2</subfield>
    <subfield code="e">ncip</subfield>
    <subfield code="f">20</subfield>
    <subfield code="g">n-oclcserc</subfield>
  </datafield>
  <datafield tag="925" ind1="0" ind2=" ">
    <subfield code="a">Acquire</subfield>
    <subfield code="e">edeposit</subfield>
    <subfield code="x">policy default</subfield>
  </datafield>
  <datafield tag="955" ind1=" " ind2=" ">
    <subfield code="b">rh01 2013-11-20</subfield>
    <subfield code="i">rj10 2018-06-15 telework</subfield>
  </datafield>
  <datafield tag="985" ind1=" " ind2=" ">
    <subfield code="d">20150116</subfield>
    <subfield code="e">edeposit SR11045441498</subfield>
  </datafield>
</record>