
<record>
  <leader>01423ccm a2200349 a 4500</leader>
  <controlfield tag="001">18019570</controlfield>
  <controlfield tag="005">20200104160447.0</controlfield>
  <controlfield tag="008">140127s2013    moufmz|        n  | zxx d</controlfield>
  <datafield tag="906" ind1=" " ind2=" ">
    <subfield code="a">7</subfield>
    <subfield code="b">cbc</subfield>
    <subfield code="c">copycat</subfield>
    <subfield code="d">2</subfield>
    <subfield code="e">ncip</subfield>
    <subfield code="f">20</subfield>
    <subfield code="g">y-genmusic</subfield>
  </datafield>
  <datafield tag="925" ind1="0" ind2=" ">
    <subfield code="a">acquire</subfield>
    <subfield code="b">1 shelf copies</subfield>
    <subfield code="x">policy default</subfield>
  </datafield>
  <datafield tag="955" ind1=" " ind2=" ">
    <subfield code="a">vl34 2014-01-27 z-client</subfield>
    <subfield code="i">vl34 2014-01-27</subfield>
    <subfield code="e">vl34 2014-01-27 2 sound disc to MBRS for shelf label</subfield>
    <subfield code="t">vl34 2014-01-27 copy 2, 2 sound disc to MBRS for shelf labe</subfield>
    <subfield code="i">vk13 2015-05-11</subfield>
    <subfield code="e">vl39 2015-06-01 to BCCD c.1-2</subfield>
  </datafield>
  <datafield tag="010" ind1=" " ind2=" ">
    <subfield code="a">  2013565174</subfield>
  </datafield>
  <datafield tag="020" ind1=" " ind2=" ">
    <subfield code="a">9780786684793 (pbk.)</subfield>
  </datafield>
  <datafield tag="020" ind1=" " ind2=" ">
    <subfield code="a">0786684798 (pbk.)</subfield>
  </datafield>
  <datafield tag="028" ind1="3" ind2="2">
    <subfield code="a">MB98215BCD</subfield>
    <subfield code="b">Mel Bay Publications</subfield>
  </datafield>
  <datafield tag="035" ind1=" " ind2=" ">
    <subfield code="a">(OCoLC)ocn847518529</subfield>
  </datafield>
  <datafield tag="035" ind1=" " ind2=" ">
    <subfield code="a">(OCoLC)847518529</subfield>
  </datafield>
  <datafield tag="040" ind1=" " ind2=" ">
    <subfield code="a">IMD</subfield>
    <subfield code="b">eng</subfield>
    <subfield code="c">IMD</subfield>
    <subfield code="d">DLC</subfield>
  </datafield>
  <datafield tag="041" ind1=" " ind2=" ">
    <subfield code="g">eng</subfield>
  </datafield>
  <datafield tag="042" ind1=" " ind2=" ">
    <subfield code="a">lccopycat</subfield>
  </datafield>
  <datafield tag="050" ind1="0" ind2="0">
    <subfield code="a">M110.P46</subfield>
    <subfield code="b">L</subfield>
  </datafield>
  <datafield tag="082" ind1="0" ind2="4">
    <subfield code="a">788.35/193</subfield>
    <subfield code="2">23</subfield>
  </datafield>
  <datafield tag="100" ind1="1" ind2=" ">
    <subfield code="a">Larsen, Grey.</subfield>
  </datafield>
  <datafield tag="245" ind1="1" ind2="0">
    <subfield code="a">150 gems of Irish music for tin whistle :</subfield>
    <subfield code="b">with suggested ornamentation and phrasing /</subfield>
    <subfield code="c">by Grey Larsen.</subfield>
  </datafield>
  <datafield tag="246" ind1="3" ind2=" ">
    <subfield code="a">One hundred fifty gems of Irish music for tin whistle</subfield>
  </datafield>
  <datafield tag="246" ind1="3" ind2="0">
    <subfield code="a">Irish music for tin whistle</subfield>
  </datafield>
  <datafield tag="260" ind1=" " ind2=" ">
    <subfield code="a">Pacific, Mo. :</subfield>
    <subfield code="b">Mel Bay Publications,</subfield>
    <subfield code="c">c2013.</subfield>
  </datafield>
  <datafield tag="300" ind1=" " ind2=" ">
    <subfield code="a">139 p. :</subfield>
    <subfield code="b">music ;</subfield>
    <subfield code="c">30 cm. +</subfield>
    <subfield code="e">2 sound discs (digital ; 4 3/4 in.)</subfield>
  </datafield>
  <datafield tag="504" ind1=" " ind2=" ">
    <subfield code="a">Includes bibliographical references and indexes.</subfield>
  </datafield>
  <datafield tag="500" ind1=" " ind2=" ">
    <subfield code="a">Includes compact disc.</subfield>
  </datafield>
  <datafield tag="650" ind1=" " ind2="0">
    <subfield code="a">Penny whistle music.</subfield>
  </datafield>
  <datafield tag="650" ind1=" " ind2="0">
    <subfield code="a">Penny whistle</subfield>
    <subfield code="x">Instruction and study.</subfield>
  </datafield>
</record>