
<record>
  <leader>01442cam a2200361 i 4500</leader>
  <controlfield tag="001">19030513</controlfield>
  <controlfield tag="005">20200104121304.0</controlfield>
  <controlfield tag="008">160325t20162016gauac         000 0 eng  </controlfield>
  <datafield tag="906" ind1=" " ind2=" ">
    <subfield code="a">7</subfield>
    <subfield code="b">cbc</subfield>
    <subfield code="c">orignew</subfield>
    <subfield code="d">3</subfield>
    <subfield code="e">epcn</subfield>
    <subfield code="f">20</subfield>
    <subfield code="g">y-gencatlg</subfield>
  </datafield>
  <datafield tag="925" ind1="0" ind2=" ">
    <subfield code="a">acquire</subfield>
    <subfield code="b">1 shelf copy</subfield>
    <subfield code="x">Sel/rjc, 2016-05-11</subfield>
  </datafield>
  <datafield tag="955" ind1=" " ind2=" ">
    <subfield code="a">pc16 2016-03-25</subfield>
    <subfield code="a">xn11 2016-07-22 1 copy rec&apos;d., to USASH</subfield>
    <subfield code="i">rm14 2019-09-05</subfield>
    <subfield code="e">rm14 2019-09-20 (to Dewey)</subfield>
  </datafield>
  <datafield tag="010" ind1=" " ind2=" ">
    <subfield code="a">  2016937049</subfield>
  </datafield>
  <datafield tag="020" ind1=" " ind2=" ">
    <subfield code="a">9781942865544</subfield>
  </datafield>
  <datafield tag="040" ind1=" " ind2=" ">
    <subfield code="a">DLC</subfield>
    <subfield code="b">eng</subfield>
    <subfield code="e">rda</subfield>
    <subfield code="c">DLC</subfield>
    <subfield code="d">DLC</subfield>
  </datafield>
  <datafield tag="042" ind1=" " ind2=" ">
    <subfield code="a">pcc</subfield>
  </datafield>
  <datafield tag="043" ind1=" " ind2=" ">
    <subfield code="a">n-us-nc</subfield>
  </datafield>
  <datafield tag="050" ind1="0" ind2="0">
    <subfield code="a">HV8145.N8</subfield>
    <subfield code="b">F67 2016</subfield>
  </datafield>
  <datafield tag="082" ind1="0" ind2="0">
    <subfield code="a">363.28/20975667</subfield>
    <subfield code="2">23</subfield>
  </datafield>
  <datafield tag="110" ind1="1" ind2=" ">
    <subfield code="a">Forsyth County (N.C.).</subfield>
    <subfield code="b">Sheriff&apos;s Office,</subfield>
    <subfield code="e">issuing body.</subfield>
  </datafield>
  <datafield tag="245" ind1="1" ind2="0">
    <subfield code="a">Forsyth County Sheriff&apos;s Office.</subfield>
  </datafield>
  <datafield tag="250" ind1=" " ind2=" ">
    <subfield code="a">Limited edition.</subfield>
  </datafield>
  <datafield tag="264" ind1=" " ind2="1">
    <subfield code="a">Atlanta, GA :</subfield>
    <subfield code="b">Peachtree Portraits,</subfield>
    <subfield code="c">[2016]</subfield>
  </datafield>
  <datafield tag="264" ind1=" " ind2="4">
    <subfield code="c">©2016</subfield>
  </datafield>
  <datafield tag="300" ind1=" " ind2=" ">
    <subfield code="a">177 pages :</subfield>
    <subfield code="b">illustrations (chiefly color), portraits (chiefly color) ;</subfield>
    <subfield code="c">29 cm</subfield>
  </datafield>
  <datafield tag="336" ind1=" " ind2=" ">
    <subfield code="a">text</subfield>
    <subfield code="b">txt</subfield>
    <subfield code="2">rdacontent</subfield>
  </datafield>
  <datafield tag="336" ind1=" " ind2=" ">
    <subfield code="a">still image</subfield>
    <subfield code="b">sti</subfield>
    <subfield code="2">rdacontent</subfield>
  </datafield>
  <datafield tag="337" ind1=" " ind2=" ">
    <subfield code="a">unmediated</subfield>
    <subfield code="b">n</subfield>
    <subfield code="2">rdamedia</subfield>
  </datafield>
  <datafield tag="338" ind1=" " ind2=" ">
    <subfield code="a">volume</subfield>
    <subfield code="b">nc</subfield>
    <subfield code="2">rdacarrier</subfield>
  </datafield>
  <datafield tag="610" ind1="1" ind2="0">
    <subfield code="a">Forsyth County (N.C.).</subfield>
    <subfield code="b">Sheriff&apos;s Office.</subfield>
  </datafield>
  <datafield tag="610" ind1="1" ind2="0">
    <subfield code="a">Forsyth County (N.C.).</subfield>
    <subfield code="b">Sheriff&apos;s Office</subfield>
    <subfield code="v">Pictorial works.</subfield>
  </datafield>
  <datafield tag="610" ind1="1" ind2="0">
    <subfield code="a">Forsyth County (N.C.).</subfield>
    <subfield code="b">Sheriff&apos;s Office</subfield>
    <subfield code="x">Officials and employees</subfield>
    <subfield code="v">Portraits.</subfield>
  </datafield>
  <datafield tag="650" ind1=" " ind2="0">
    <subfield code="a">Police</subfield>
    <subfield code="z">North Carolina</subfield>
    <subfield code="z">Forsyth County</subfield>
    <subfield code="v">Pictorial works.</subfield>
  </datafield>
  <datafield tag="650" ind1=" " ind2="0">
    <subfield code="a">Sheriffs</subfield>
    <subfield code="z">North Carolina</subfield>
    <subfield code="z">Forsyth County</subfield>
    <subfield code="v">Portraits.</subfield>
  </datafield>
</record>