
<record>
  <leader>02058cas a2200469 i 4500</leader>
  <controlfield tag="001">19567725</controlfield>
  <controlfield tag="005">20200104075815.0</controlfield>
  <controlfield tag="006">m     o  d        </controlfield>
  <controlfield tag="007">cr |||||||||||</controlfield>
  <controlfield tag="008">170321c20179999wiufr p o     0   a0eng  </controlfield>
  <datafield tag="010" ind1=" " ind2=" ">
    <subfield code="a">  2017200192</subfield>
  </datafield>
  <datafield tag="022" ind1="0" ind2=" ">
    <subfield code="a">2572-360X</subfield>
    <subfield code="2">1</subfield>
  </datafield>
  <datafield tag="035" ind1=" " ind2=" ">
    <subfield code="a">(OCoLC)ocn978251475</subfield>
  </datafield>
  <datafield tag="037" ind1=" " ind2=" ">
    <subfield code="b">University of Wisconsin-Stout, Harvey Hall, 721 3rd St. E., Menomonie, WI 54751</subfield>
  </datafield>
  <datafield tag="040" ind1=" " ind2=" ">
    <subfield code="a">DLC</subfield>
    <subfield code="c">DLC</subfield>
    <subfield code="b">eng</subfield>
    <subfield code="e">rda</subfield>
    <subfield code="d">OCLCA</subfield>
    <subfield code="d">DLC</subfield>
  </datafield>
  <datafield tag="042" ind1=" " ind2=" ">
    <subfield code="a">pcc</subfield>
    <subfield code="a">nsdp</subfield>
  </datafield>
  <datafield tag="050" ind1="0" ind2="0">
    <subfield code="a">PS536.3</subfield>
  </datafield>
  <datafield tag="082" ind1="1" ind2="0">
    <subfield code="a">810</subfield>
    <subfield code="2">15</subfield>
  </datafield>
  <datafield tag="222" ind1=" " ind2="4">
    <subfield code="a">The HitchLit review</subfield>
  </datafield>
  <datafield tag="245" ind1="0" ind2="4">
    <subfield code="a">The HitchLit review :</subfield>
    <subfield code="b">a secular literary-arts journal.</subfield>
  </datafield>
  <datafield tag="246" ind1="1" ind2=" ">
    <subfield code="a">Hitch lit review</subfield>
  </datafield>
  <datafield tag="264" ind1=" " ind2="1">
    <subfield code="a">Menomonie, WI :</subfield>
    <subfield code="b">University of Wisconsin-Stout,</subfield>
    <subfield code="c">2017-</subfield>
  </datafield>
  <datafield tag="310" ind1=" " ind2=" ">
    <subfield code="a">Semiannual</subfield>
  </datafield>
  <datafield tag="336" ind1=" " ind2=" ">
    <subfield code="a">text</subfield>
    <subfield code="b">txt</subfield>
    <subfield code="2">rdacontent</subfield>
  </datafield>
  <datafield tag="337" ind1=" " ind2=" ">
    <subfield code="a">computer</subfield>
    <subfield code="b">c</subfield>
    <subfield code="2">rdamedia</subfield>
  </datafield>
  <datafield tag="338" ind1=" " ind2=" ">
    <subfield code="a">online resource</subfield>
    <subfield code="b">cr</subfield>
    <subfield code="2">rdacarrier</subfield>
  </datafield>
  <datafield tag="362" ind1="1" ind2=" ">
    <subfield code="a">Began with Volume 1, Issue 1 (Summer 2017).</subfield>
  </datafield>
  <datafield tag="520" ind1=" " ind2=" ">
    <subfield code="a">&quot;The HitchLit Review ... is a biannual literary-arts journal that seeks to showcase and celebrate openly secular artists, their works, and their communities.&quot;</subfield>
  </datafield>
  <datafield tag="588" ind1=" " ind2=" ">
    <subfield code="a">Description based on: Volume 1, Issue 1 (Summer 2017); title from journal home page (publisher&apos;s website viewed Jan. 2, 2020).</subfield>
  </datafield>
  <datafield tag="588" ind1=" " ind2=" ">
    <subfield code="a">Latest issue consulted: Volume 2, Issue 2 (Winter 2019) (viewed Jan. 2, 2020).</subfield>
  </datafield>
  <datafield tag="650" ind1=" " ind2="0">
    <subfield code="a">American literature</subfield>
    <subfield code="y">21st century</subfield>
    <subfield code="v">Periodicals.</subfield>
  </datafield>
  <datafield tag="650" ind1=" " ind2="0">
    <subfield code="a">American literature</subfield>
    <subfield code="z">Wisconsin</subfield>
    <subfield code="z">Menomonie</subfield>
    <subfield code="y">21st century</subfield>
    <subfield code="v">Periodicals.</subfield>
  </datafield>
  <datafield tag="650" ind1=" " ind2="0">
    <subfield code="a">Arts</subfield>
    <subfield code="z">Wisconsin</subfield>
    <subfield code="z">Menomonie</subfield>
    <subfield code="y">21st century</subfield>
    <subfield code="v">Periodicals.</subfield>
  </datafield>
  <datafield tag="710" ind1="2" ind2=" ">
    <subfield code="a">University of Wisconsin--Stout.</subfield>
  </datafield>
  <datafield tag="850" ind1=" " ind2=" ">
    <subfield code="a">DLC</subfield>
  </datafield>
  <datafield tag="859" ind1="4" ind2="0">
    <subfield code="u">https://hitchlit.org/</subfield>
    <subfield code="x">OA-J</subfield>
  </datafield>
  <datafield tag="906" ind1=" " ind2=" ">
    <subfield code="a">7</subfield>
    <subfield code="b">cbc</subfield>
    <subfield code="c">serorig</subfield>
    <subfield code="d">2</subfield>
    <subfield code="e">ncip</subfield>
    <subfield code="f">20</subfield>
    <subfield code="g">n-oclcserc</subfield>
  </datafield>
  <datafield tag="925" ind1="0" ind2=" ">
    <subfield code="a">Acquire</subfield>
    <subfield code="x">policy default, lr 2019-12-11</subfield>
  </datafield>
  <datafield tag="955" ind1=" " ind2=" ">
    <subfield code="i">xf02 2020-01-02</subfield>
  </datafield>
  <datafield tag="955" ind1=" " ind2=" ">
    <subfield code="j">xf15 2017-03-21</subfield>
    <subfield code="a">xf14 2019-12-11 ISSN notification sent to publisher; forwarded to ISSN follow-up librarian folder</subfield>
    <subfield code="n">xf02 2020-01-02</subfield>
    <subfield code="i">xf02 2020-01-02</subfield>
  </datafield>
  <datafield tag="963" ind1=" " ind2=" ">
    <subfield code="a">hitchlitreview@gmail.com</subfield>
  </datafield>
  <datafield tag="963" ind1=" " ind2=" ">
    <subfield code="a">daniel.ruefman@gmail.com</subfield>
  </datafield>
</record>