
<record>
  <leader>02272cam a2200397 i 4500</leader>
  <controlfield tag="001">19977179</controlfield>
  <controlfield tag="005">20200104182319.0</controlfield>
  <controlfield tag="008">170906m20159999is       b    001 0 heb  </controlfield>
  <datafield tag="906" ind1=" " ind2=" ">
    <subfield code="a">7</subfield>
    <subfield code="b">cbc</subfield>
    <subfield code="c">origres</subfield>
    <subfield code="d">2</subfield>
    <subfield code="e">ncip</subfield>
    <subfield code="f">20</subfield>
    <subfield code="g">y-nonroman</subfield>
  </datafield>
  <datafield tag="925" ind1="0" ind2=" ">
    <subfield code="a">acquire</subfield>
    <subfield code="b">1 shelf copy</subfield>
    <subfield code="x">policy default</subfield>
  </datafield>
  <datafield tag="955" ind1=" " ind2=" ">
    <subfield code="b">cd20 2017-09-06 z-processor JACKPHY</subfield>
    <subfield code="a">cd00 2017-09-06 to ASME/IJ (Prev.: ve01) ;</subfield>
    <subfield code="i">cd08 2019-12-17 v. 2 descriptive, subj. head., shelflistd, end stage; to Hebraic Section ;</subfield>
  </datafield>
  <datafield tag="010" ind1=" " ind2=" ">
    <subfield code="a">  2016469926</subfield>
  </datafield>
  <datafield tag="035" ind1=" " ind2=" ">
    <subfield code="a">(IsJeAIW)wb2017420619</subfield>
  </datafield>
  <datafield tag="040" ind1=" " ind2=" ">
    <subfield code="a">DLC</subfield>
    <subfield code="b">eng</subfield>
    <subfield code="e">rda</subfield>
    <subfield code="c">DLC</subfield>
  </datafield>
  <datafield tag="042" ind1=" " ind2=" ">
    <subfield code="a">pcc</subfield>
  </datafield>
  <datafield tag="050" ind1="0" ind2="0">
    <subfield code="a">BM685</subfield>
    <subfield code="b">.B254 2015</subfield>
  </datafield>
  <datafield tag="066" ind1=" " ind2=" ">
    <subfield code="c">(2</subfield>
  </datafield>
  <datafield tag="100" ind1="1" ind2=" ">
    <subfield code="6">880-01</subfield>
    <subfield code="a">Bain, Mordekhai Yehudah,</subfield>
    <subfield code="e">author.</subfield>
  </datafield>
  <datafield tag="880" ind1="1" ind2=" ">
    <subfield code="6">100-01/(2/r‏</subfield>
    <subfield code="a">‏ביין, מרדכי יהודה.</subfield>
  </datafield>
  <datafield tag="240" ind1="1" ind2="0">
    <subfield code="a">Yavin shemuʻah</subfield>
  </datafield>
  <datafield tag="245" ind1="1" ind2="0">
    <subfield code="6">880-02</subfield>
    <subfield code="a">Sefer Yavin shemuʻah :</subfield>
    <subfield code="b">ʻal Shulḥan ʻarukh Oraḥ Ḥayim : beʼur ṿe-libun divre ha-Ṭur ha-Shu. ʻa. ṿe-no. k. ʻa. pi seder ha-Mishnah berurah /</subfield>
    <subfield code="c">Mordekhai Yehudah Bain ben Amor ha-r. he-ḥ. R. Ḳalman, sheliṭa.</subfield>
  </datafield>
  <datafield tag="880" ind1="1" ind2="0">
    <subfield code="6">245-02/(2/r‏</subfield>
    <subfield code="a">‏ספר יבין שמועה :</subfield>
    <subfield code="b">על שולחן ערוך אורח חיים : ביאור וליבון דברי הטור, השו&quot;ע ונו&quot;כ עפ&quot;י סדר המשנה ברורה : להעיר את הדברים המוקשים, להאיר כל נושא וסעיף לפני הלומד ובעיקר דברי המשנה ברורה להטעים ולהבין שמועה /</subfield>
    <subfield code="c">מרדכי יהודה ביין בן ר&apos; קלמן.</subfield>
  </datafield>
  <datafield tag="264" ind1=" " ind2="1">
    <subfield code="6">880-03</subfield>
    <subfield code="a">Ashdod :</subfield>
    <subfield code="b">Kolel bet Talmud le-more horaʼah de-Ḥaside Gur,</subfield>
    <subfield code="c">-776 [2015 or 2016-]</subfield>
  </datafield>
  <datafield tag="880" ind1=" " ind2=" ">
    <subfield code="6">264-03/(2/r‏</subfield>
    <subfield code="a">‏אשדוד :</subfield>
    <subfield code="b">כולל בית תלמוד למורי הוראה דחסידי גור,</subfield>
    <subfield code="c">-תשע&quot;ו</subfield>
  </datafield>
  <datafield tag="300" ind1=" " ind2=" ">
    <subfield code="a">volumes ;</subfield>
    <subfield code="c">25 cm</subfield>
  </datafield>
  <datafield tag="336" ind1=" " ind2=" ">
    <subfield code="a">text</subfield>
    <subfield code="b">txt</subfield>
    <subfield code="2">rdacontent</subfield>
  </datafield>
  <datafield tag="337" ind1=" " ind2=" ">
    <subfield code="a">unmediated</subfield>
    <subfield code="b">n</subfield>
    <subfield code="2">rdamedia</subfield>
  </datafield>
  <datafield tag="338" ind1=" " ind2=" ">
    <subfield code="a">volume</subfield>
    <subfield code="b">nc</subfield>
    <subfield code="2">rdacarrier</subfield>
  </datafield>
  <datafield tag="504" ind1=" " ind2=" ">
    <subfield code="a">Includes bibliographical references and index.</subfield>
  </datafield>
  <datafield tag="505" ind1="1" ind2=" ">
    <subfield code="a">-- [2]. Simanim 313-321 --</subfield>
  </datafield>
  <datafield tag="880" ind1=" " ind2=" ">
    <subfield code="6">520-00/(2/r‏</subfield>
    <subfield code="a">על הכריכה: הלכות שבת.</subfield>
  </datafield>
  <datafield tag="650" ind1=" " ind2="0">
    <subfield code="a">Sabbath (Jewish law)</subfield>
  </datafield>
  <datafield tag="600" ind1="1" ind2="0">
    <subfield code="a">Karo, Joseph ben Ephraim,</subfield>
    <subfield code="d">1488-1575.</subfield>
    <subfield code="t">Oraḥ ḥayim.</subfield>
  </datafield>
  <datafield tag="600" ind1="1" ind2="0">
    <subfield code="a">Israel Meir,</subfield>
    <subfield code="c">ha-Kohen,</subfield>
    <subfield code="d">1838-1933.</subfield>
    <subfield code="t">Mishnah berurah.</subfield>
  </datafield>
  <datafield tag="923" ind1=" " ind2=" ">
    <subfield code="d">20170515</subfield>
    <subfield code="n">29553</subfield>
    <subfield code="s">IsJeAIW</subfield>
  </datafield>
  <datafield tag="985" ind1=" " ind2=" ">
    <subfield code="e">VENDOR LOAD</subfield>
  </datafield>
</record>