
<record>
  <leader>01875cam a2200349 i 4500</leader>
  <controlfield tag="001">20150603</controlfield>
  <controlfield tag="005">20200104134443.0</controlfield>
  <controlfield tag="008">171121s2018    ilua     b    000 0 eng c</controlfield>
  <datafield tag="906" ind1=" " ind2=" ">
    <subfield code="a">7</subfield>
    <subfield code="b">cbc</subfield>
    <subfield code="c">orignew</subfield>
    <subfield code="d">1</subfield>
    <subfield code="e">ecip</subfield>
    <subfield code="f">20</subfield>
    <subfield code="g">y-gencatlg</subfield>
  </datafield>
  <datafield tag="925" ind1="0" ind2=" ">
    <subfield code="a">acquire</subfield>
    <subfield code="b">1 shelf copy</subfield>
    <subfield code="x">policy default</subfield>
  </datafield>
  <datafield tag="955" ind1=" " ind2=" ">
    <subfield code="a">IEN</subfield>
    <subfield code="e">rk21 2017-11-24 to Dewey</subfield>
    <subfield code="a">xn11 2019-11-25 1 copy rec&apos;d., to CIP ver.</subfield>
    <subfield code="a">rk20 2019-11-27 book received in ART</subfield>
    <subfield code="f">rk06 2020-01-04 to BCCD</subfield>
  </datafield>
  <datafield tag="010" ind1=" " ind2=" ">
    <subfield code="a">  2017056200</subfield>
  </datafield>
  <datafield tag="020" ind1=" " ind2=" ">
    <subfield code="a">9780810136717 (pbk. : alk. paper)</subfield>
  </datafield>
  <datafield tag="020" ind1=" " ind2=" ">
    <subfield code="a">9780810136724 (ebook)</subfield>
  </datafield>
  <datafield tag="040" ind1=" " ind2=" ">
    <subfield code="a">IEN/DLC</subfield>
    <subfield code="b">eng</subfield>
    <subfield code="c">IEN</subfield>
    <subfield code="e">rda</subfield>
    <subfield code="d">DLC</subfield>
  </datafield>
  <datafield tag="042" ind1=" " ind2=" ">
    <subfield code="a">pcc</subfield>
  </datafield>
  <datafield tag="050" ind1="0" ind2="0">
    <subfield code="a">TX909.2.I32</subfield>
    <subfield code="b">C455 2018</subfield>
  </datafield>
  <datafield tag="082" ind1="0" ind2="4">
    <subfield code="a">647.9577311</subfield>
    <subfield code="2">23</subfield>
  </datafield>
  <datafield tag="100" ind1="1" ind2=" ">
    <subfield code="a">Iversen, Jean,</subfield>
    <subfield code="e">author.</subfield>
  </datafield>
  <datafield tag="245" ind1="1" ind2="0">
    <subfield code="a">Local flavor :</subfield>
    <subfield code="b">restaurants that shape Chicago&apos;s neighborhoods /</subfield>
    <subfield code="c">Jean Iversen.</subfield>
  </datafield>
  <datafield tag="264" ind1=" " ind2="1">
    <subfield code="a">Evanston, Illinois :</subfield>
    <subfield code="b">Northwestern University Press,</subfield>
    <subfield code="c">[2018]</subfield>
  </datafield>
  <datafield tag="300" ind1=" " ind2=" ">
    <subfield code="a">xi, 171 pages :</subfield>
    <subfield code="b">chiefly color illustrations ;</subfield>
    <subfield code="c">23 cm</subfield>
  </datafield>
  <datafield tag="336" ind1=" " ind2=" ">
    <subfield code="a">text</subfield>
    <subfield code="2">rdacontent</subfield>
  </datafield>
  <datafield tag="337" ind1=" " ind2=" ">
    <subfield code="a">unmediated</subfield>
    <subfield code="2">rdamedia</subfield>
  </datafield>
  <datafield tag="338" ind1=" " ind2=" ">
    <subfield code="a">volume</subfield>
    <subfield code="2">rdacarrier</subfield>
  </datafield>
  <datafield tag="504" ind1=" " ind2=" ">
    <subfield code="a">Includes bibliographical references (pages 167-171).</subfield>
  </datafield>
  <datafield tag="505" ind1="0" ind2=" ">
    <subfield code="a">Introduction -- Won Kow : the old guard of Chinatown, established 1928 -- Tufano&apos;s Vernon Park Tap : a long lifeline in Little Italy, established 1930 -- The Gutierrez family : a phoenix in Pilsen, established 1962 -- The Parthenon : an anchor in Greektown, established 1968 -- Borinquen : home of the Jibaro, established 1987 -- Red Apple Buffet : a pillar in Polonia, established 1989 -- Hema&apos;s Kitchen : doyenne of Devon, established 1991 -- Noon o Kabab : king of Kedzie, established 1997.</subfield>
  </datafield>
  <datafield tag="650" ind1=" " ind2="0">
    <subfield code="a">Restaurants</subfield>
    <subfield code="z">Illinois</subfield>
    <subfield code="z">Chicago</subfield>
    <subfield code="x">History.</subfield>
  </datafield>
  <datafield tag="650" ind1=" " ind2="0">
    <subfield code="a">Ethnic restaurants</subfield>
    <subfield code="z">Illinois</subfield>
    <subfield code="z">Chicago</subfield>
    <subfield code="x">History.</subfield>
  </datafield>
  <datafield tag="650" ind1=" " ind2="0">
    <subfield code="a">Ethnic neighborhoods</subfield>
    <subfield code="z">Illinois</subfield>
    <subfield code="z">Chicago</subfield>
    <subfield code="x">History.</subfield>
  </datafield>
  <datafield tag="651" ind1=" " ind2="0">
    <subfield code="a">Chicago (Ill.)</subfield>
    <subfield code="x">History.</subfield>
  </datafield>
  <datafield tag="985" ind1=" " ind2=" ">
    <subfield code="a">IENCIP</subfield>
    <subfield code="d">2017-11-21</subfield>
  </datafield>
</record>