
<record>
  <leader>03139cam a2200397 i 4500</leader>
  <controlfield tag="001">20351398</controlfield>
  <controlfield tag="005">20200104043621.0</controlfield>
  <controlfield tag="008">180209s2017    mr       b    000 0 ara  </controlfield>
  <datafield tag="906" ind1=" " ind2=" ">
    <subfield code="a">7</subfield>
    <subfield code="b">cbc</subfield>
    <subfield code="c">origode</subfield>
    <subfield code="d">2</subfield>
    <subfield code="e">ncip</subfield>
    <subfield code="f">20</subfield>
    <subfield code="g">y-nonroman</subfield>
  </datafield>
  <datafield tag="925" ind1="0" ind2=" ">
    <subfield code="a">acquire</subfield>
    <subfield code="b">1 shelf copy</subfield>
    <subfield code="x">policy default</subfield>
  </datafield>
  <datafield tag="955" ind1=" " ind2=" ">
    <subfield code="b">we47 2018-02-09;</subfield>
    <subfield code="i">we52 2019-09-04 to LL</subfield>
  </datafield>
  <datafield tag="010" ind1=" " ind2=" ">
    <subfield code="a">  2018335755</subfield>
  </datafield>
  <datafield tag="020" ind1=" " ind2=" ">
    <subfield code="a">9789954287576</subfield>
  </datafield>
  <datafield tag="040" ind1=" " ind2=" ">
    <subfield code="a">DLC</subfield>
    <subfield code="b">eng</subfield>
    <subfield code="e">rda</subfield>
    <subfield code="c">DLC</subfield>
  </datafield>
  <datafield tag="042" ind1=" " ind2=" ">
    <subfield code="a">pcc</subfield>
    <subfield code="a">lcode</subfield>
  </datafield>
  <datafield tag="043" ind1=" " ind2=" ">
    <subfield code="a">f-mr---</subfield>
  </datafield>
  <datafield tag="050" ind1="0" ind2="0">
    <subfield code="a">KSW2920</subfield>
    <subfield code="b">.M37 2017</subfield>
  </datafield>
  <datafield tag="066" ind1=" " ind2=" ">
    <subfield code="c">(3</subfield>
  </datafield>
  <datafield tag="100" ind1="1" ind2=" ">
    <subfield code="6">880-01</subfield>
    <subfield code="a">Maṣmūdī, Najīb,</subfield>
    <subfield code="d">1975-</subfield>
  </datafield>
  <datafield tag="880" ind1="1" ind2=" ">
    <subfield code="6">100-01/(3/r‏</subfield>
    <subfield code="a">‏مصمودي، نجيب.</subfield>
  </datafield>
  <datafield tag="245" ind1="1" ind2="3">
    <subfield code="6">880-02</subfield>
    <subfield code="a">al-Qānūn al-tanẓīmī al-jadīd lil-jamāʻāt :</subfield>
    <subfield code="b">naḥwa tadbīr ʻumūmī turābī jadīd bi-al-Maghrib /</subfield>
    <subfield code="c">Najīb al-Maṣmūdī, bāḥith fī al-qānūn al-ʻām wa-al-ʻulūm al-siyāsīyah ; qirāʼat wa-taqdīm al-ʻAmīd al-Duktūr Muḥammad Yaḥyā, ustādh al-taʻlīm al-ʻālī bi-Jāmiʻat ʻAbd al-Mālik al-Saʻdī wa-ʻamīd Kullīyat al-Ḥuqūq, Ṭanjah, al-Duktūr Saʻīd Jafrī, ustādh al-taʻlīm al-ʻālī bi-Jāmiʻat al-Ḥasan al-Awwal, Kullīyat al-Ḥuqūq, Siṭṭāt, al-Duktūr ʻAbd al-Ḥafīẓ Admīnū, ustādh al-taʻlīm al-ʻālī bi-Jāmiʻat Muḥammad al-Khāmis, Kullīyat al-Ḥuqūq, Salā.</subfield>
  </datafield>
  <datafield tag="880" ind1="1" ind2="2">
    <subfield code="6">245-02/(3/r‏</subfield>
    <subfield code="a">‏القانون التنظيمي الجديد للجماعات :‏</subfield>
    <subfield code="b">‏نحو تدبير عمومي ترابي جديد بالمغرب /‏</subfield>
    <subfield code="c">‏نجيب المصمودي، باحث في القانون العام والعلوم السياسية ؛ قراءة وتقديم العميد الدكتور محمد يحيا، أستاذ التعليم العالي بجامعة عبد المالك السعدي، وعميد كلية الحقوق، طنجة، الدكتور سعيد جفري، أستاذ التعليم العالي بجامعة الحسن الأول، كلية الحقوق، سطات، الدكتور عبد الحفيظ أدمينو، أستاذ التعليم العالي بجامعة محمد الخامس، كلية الحقوق، سلا.</subfield>
  </datafield>
  <datafield tag="250" ind1=" " ind2=" ">
    <subfield code="6">880-03</subfield>
    <subfield code="a">al-Ṭabʻah al-ūlá.</subfield>
  </datafield>
  <datafield tag="880" ind1=" " ind2=" ">
    <subfield code="6">250-03/(3/r‏</subfield>
    <subfield code="a">‏الطبعة الأولى.</subfield>
  </datafield>
  <datafield tag="264" ind1=" " ind2="1">
    <subfield code="6">880-04</subfield>
    <subfield code="a">[Rabat?] :</subfield>
    <subfield code="b">Manshūrāt Silsilat al-Ḥakāmat al-Turābīyah wa-Dirāsat al-Siyāsāt,</subfield>
    <subfield code="c">2017.</subfield>
  </datafield>
  <datafield tag="880" ind1=" " ind2="1">
    <subfield code="6">264-04/(3/r‏</subfield>
    <subfield code="a">‏[Rabat?] :‏</subfield>
    <subfield code="b">‏منشورات سلسلة الحكامة الترابية ودراسة السياسات،‏</subfield>
    <subfield code="c">‏2017.</subfield>
  </datafield>
  <datafield tag="300" ind1=" " ind2=" ">
    <subfield code="a">339 pages ;</subfield>
    <subfield code="c">24 cm.</subfield>
  </datafield>
  <datafield tag="336" ind1=" " ind2=" ">
    <subfield code="a">text</subfield>
    <subfield code="b">txt</subfield>
    <subfield code="2">rdacontent</subfield>
  </datafield>
  <datafield tag="337" ind1=" " ind2=" ">
    <subfield code="a">unmediated</subfield>
    <subfield code="b">n</subfield>
    <subfield code="2">rdamedia</subfield>
  </datafield>
  <datafield tag="338" ind1=" " ind2=" ">
    <subfield code="a">volume</subfield>
    <subfield code="b">nc</subfield>
    <subfield code="2">rdacarrier</subfield>
  </datafield>
  <datafield tag="490" ind1="0" ind2=" ">
    <subfield code="6">880-05</subfield>
    <subfield code="a">Silsilat al-Ḥakāmah al-Turābīyah wa-Dirāsat al-Siyāsāt ;</subfield>
    <subfield code="v">al-ʻadad 2</subfield>
  </datafield>
  <datafield tag="880" ind1="0" ind2=" ">
    <subfield code="6">490-05/(3/r‏</subfield>
    <subfield code="a">‏سلسلة الحكامة الترابية ودراسة السياسات ؛‏</subfield>
    <subfield code="v">‏العدد 2</subfield>
  </datafield>
  <datafield tag="504" ind1=" " ind2=" ">
    <subfield code="a">Includes bibliographical references.</subfield>
  </datafield>
  <datafield tag="650" ind1=" " ind2="0">
    <subfield code="a">Local government</subfield>
    <subfield code="x">Law and legislation</subfield>
    <subfield code="z">Morocco.</subfield>
  </datafield>
  <datafield tag="650" ind1=" " ind2="0">
    <subfield code="a">Decentralization in government</subfield>
    <subfield code="x">Law and legislation</subfield>
    <subfield code="z">Morocco.</subfield>
  </datafield>
  <datafield tag="985" ind1=" " ind2=" ">
    <subfield code="e">-ODE-ca</subfield>
  </datafield>
</record>