
<record>
  <leader>02463cam a22004097i 4500</leader>
  <controlfield tag="001">20376176</controlfield>
  <controlfield tag="005">20200104101234.0</controlfield>
  <controlfield tag="008">180208t20172017fr a     bc   000 0dfre  </controlfield>
  <datafield tag="906" ind1=" " ind2=" ">
    <subfield code="a">0</subfield>
    <subfield code="b">ibc</subfield>
    <subfield code="c">origres</subfield>
    <subfield code="d">3</subfield>
    <subfield code="e">ncip</subfield>
    <subfield code="f">20</subfield>
    <subfield code="g">y-gencatlg</subfield>
  </datafield>
  <datafield tag="925" ind1="0" ind2=" ">
    <subfield code="a">acquire</subfield>
    <subfield code="b">1 shelf copy</subfield>
    <subfield code="x">policy default</subfield>
  </datafield>
  <datafield tag="955" ind1=" " ind2=" ">
    <subfield code="a">ve03</subfield>
    <subfield code="b">bd31 2018-03-27</subfield>
    <subfield code="h">th05 2020-01-04 LAC to shelf</subfield>
  </datafield>
  <datafield tag="010" ind1=" " ind2=" ">
    <subfield code="a">  2018358639</subfield>
  </datafield>
  <datafield tag="020" ind1=" " ind2=" ">
    <subfield code="a">9782361995607</subfield>
  </datafield>
  <datafield tag="040" ind1=" " ind2=" ">
    <subfield code="a">DLC</subfield>
    <subfield code="b">eng</subfield>
    <subfield code="e">rda</subfield>
    <subfield code="c"></subfield>
  </datafield>
  <datafield tag="041" ind1="0" ind2=" ">
    <subfield code="a">fre</subfield>
    <subfield code="a">eng</subfield>
  </datafield>
  <datafield tag="043" ind1=" " ind2=" ">
    <subfield code="a">n-us---</subfield>
  </datafield>
  <datafield tag="050" ind1="0" ind2="0">
    <subfield code="a">MLCM 2020/45594 (Q)</subfield>
  </datafield>
  <datafield tag="245" ind1="0" ind2="0">
    <subfield code="a">Jean-Jacques Audubon, 1785-1851 :</subfield>
    <subfield code="b">dessins de jeunesse : catalogue raisonné /</subfield>
    <subfield code="c">sous la direction de Lucille Bourroux.</subfield>
  </datafield>
  <datafield tag="246" ind1="3" ind2="0">
    <subfield code="a">Dessins de jeunesse</subfield>
  </datafield>
  <datafield tag="264" ind1=" " ind2="1">
    <subfield code="a">Saintes :</subfield>
    <subfield code="b">Le Croît Vif ;</subfield>
    <subfield code="a">[Paris] :</subfield>
    <subfield code="b">Les Indes savantes ;</subfield>
    <subfield code="a">[Rochelle] :</subfield>
    <subfield code="b">Museum La Rochelle,</subfield>
    <subfield code="c">[2017]</subfield>
  </datafield>
  <datafield tag="300" ind1=" " ind2=" ">
    <subfield code="a">187 pages :</subfield>
    <subfield code="b">illustrations (chiefly color) ;</subfield>
    <subfield code="c">30 cm</subfield>
  </datafield>
  <datafield tag="336" ind1=" " ind2=" ">
    <subfield code="a">text</subfield>
    <subfield code="b">txt</subfield>
    <subfield code="2">rdacontent</subfield>
  </datafield>
  <datafield tag="336" ind1=" " ind2=" ">
    <subfield code="a">still image</subfield>
    <subfield code="b">sti</subfield>
    <subfield code="2">rdacontent</subfield>
  </datafield>
  <datafield tag="337" ind1=" " ind2=" ">
    <subfield code="a">unmediated</subfield>
    <subfield code="b">n</subfield>
    <subfield code="2">rdamedia</subfield>
  </datafield>
  <datafield tag="338" ind1=" " ind2=" ">
    <subfield code="a">volume</subfield>
    <subfield code="b">nc</subfield>
    <subfield code="2">rdacarrier</subfield>
  </datafield>
  <datafield tag="546" ind1=" " ind2=" ">
    <subfield code="a">Includes one contribution in English.</subfield>
  </datafield>
  <datafield tag="500" ind1=" " ind2=" ">
    <subfield code="a">Published on the occasion of an exhibition held at Muséum d&apos;histoire naturelle de La Rochelle, December 23, 2017-March 25, 2018.</subfield>
  </datafield>
  <datafield tag="500" ind1=" " ind2=" ">
    <subfield code="a">Includes a catalog of the artist&apos;s drawings made between 1802 and 1806.</subfield>
  </datafield>
  <datafield tag="504" ind1=" " ind2=" ">
    <subfield code="a">Includes bibliographical references.</subfield>
  </datafield>
  <datafield tag="500" ind1=" " ind2=" ">
    <subfield code="a">Minimal Level Cataloging Plus</subfield>
    <subfield code="5">DLC</subfield>
  </datafield>
  <datafield tag="505" ind1="0" ind2="0">
    <subfield code="a">Le jeune Audubon dans l&apos;histoire du commerce et des révolutions atlantiques / Tangi Villerbu -- Vie, œuvre et postérité d&apos;Audubon en quelques moments clés / Yvon Chatelin -- La triple vie de l&apos;Iconographie de Charles-Marie Dessalines d&apos;Orbigny / Jean-François Heil -- L&apos;oiseau au fil des pinceaux / Jacques Cuisin -- Entre deux rives : les dessins de jeunesse de Jean-Jacques Audubon conservés à La Rochelle / Lucilie Bourroux -- Examens de quelques œuvres de jeunesse de Jean-Jacques Audubon / Laurence Clivet, Natalie Coural, Michel Dubus, Blandine Durocher, Éric Laval -- Audubon, the Franco-American Leonardo : an exploration of the artist&apos;s innovative drawing techniques / Roberta Oison -- Jean-Jacques Audubon et l&apos;écologie / Denis Clavreul.</subfield>
  </datafield>
  <datafield tag="600" ind1="1" ind2="0">
    <subfield code="a">Audubon, John James,</subfield>
    <subfield code="d">1785-1851</subfield>
    <subfield code="v">Exhibitions.</subfield>
  </datafield>
  <datafield tag="600" ind1="1" ind2="0">
    <subfield code="a">Audubon, John James,</subfield>
    <subfield code="d">1785-1851</subfield>
    <subfield code="v">Catalogues raisonnés.</subfield>
  </datafield>
  <datafield tag="700" ind1="1" ind2=" ">
    <subfield code="a">Bourroux, Lucille,</subfield>
    <subfield code="e">editor.</subfield>
  </datafield>
  <datafield tag="923" ind1=" " ind2=" ">
    <subfield code="d">20180220</subfield>
    <subfield code="n">599630</subfield>
    <subfield code="s">FR-PaAMA</subfield>
  </datafield>
  <datafield tag="952" ind1=" " ind2=" ">
    <subfield code="a">FLMC contract</subfield>
  </datafield>
  <datafield tag="985" ind1=" " ind2=" ">
    <subfield code="e">VENDOR LOAD</subfield>
  </datafield>
</record>