
<record>
  <leader>01834cas a2200433 i 4500</leader>
  <controlfield tag="001">20485840</controlfield>
  <controlfield tag="005">20200104075817.0</controlfield>
  <controlfield tag="006">m     o  d        </controlfield>
  <controlfield tag="007">cr |n|||||||||</controlfield>
  <controlfield tag="008">180507c20179999sz ar pso     0   a0und  </controlfield>
  <datafield tag="010" ind1=" " ind2=" ">
    <subfield code="a">  2019208055</subfield>
  </datafield>
  <datafield tag="022" ind1=" " ind2=" ">
    <subfield code="a">2509-8012</subfield>
  </datafield>
  <datafield tag="035" ind1=" " ind2=" ">
    <subfield code="a">(OCoLC)on1005834862</subfield>
  </datafield>
  <datafield tag="040" ind1=" " ind2=" ">
    <subfield code="a">VT2</subfield>
    <subfield code="b">eng</subfield>
    <subfield code="e">rda</subfield>
    <subfield code="e">pn</subfield>
    <subfield code="c">VT2</subfield>
    <subfield code="d">OCLCF</subfield>
    <subfield code="d">VVJ</subfield>
    <subfield code="d">WYU</subfield>
    <subfield code="d">AU@</subfield>
    <subfield code="d">OCL</subfield>
    <subfield code="d">DLC</subfield>
  </datafield>
  <datafield tag="042" ind1=" " ind2=" ">
    <subfield code="a">pcc</subfield>
  </datafield>
  <datafield tag="050" ind1="0" ind2="0">
    <subfield code="a">QD450</subfield>
  </datafield>
  <datafield tag="245" ind1="0" ind2="0">
    <subfield code="a">Materials theory.</subfield>
  </datafield>
  <datafield tag="264" ind1=" " ind2="1">
    <subfield code="a">[Switzerland] :</subfield>
    <subfield code="b">Springer International Publishing,</subfield>
    <subfield code="c">2017-</subfield>
  </datafield>
  <datafield tag="300" ind1=" " ind2=" ">
    <subfield code="a">online resource</subfield>
  </datafield>
  <datafield tag="310" ind1=" " ind2=" ">
    <subfield code="a">Annual</subfield>
  </datafield>
  <datafield tag="336" ind1=" " ind2=" ">
    <subfield code="a">text</subfield>
    <subfield code="b">txt</subfield>
    <subfield code="2">rdacontent</subfield>
  </datafield>
  <datafield tag="337" ind1=" " ind2=" ">
    <subfield code="a">computer</subfield>
    <subfield code="b">c</subfield>
    <subfield code="2">rdamedia</subfield>
  </datafield>
  <datafield tag="338" ind1=" " ind2=" ">
    <subfield code="a">online resource</subfield>
    <subfield code="b">cr</subfield>
    <subfield code="2">rdacarrier</subfield>
  </datafield>
  <datafield tag="515" ind1=" " ind2=" ">
    <subfield code="a">Articles available as published and compiled in an annual volume.</subfield>
  </datafield>
  <datafield tag="506" ind1=" " ind2=" ">
    <subfield code="a">License restrictions may limit access.</subfield>
  </datafield>
  <datafield tag="588" ind1="0" ind2=" ">
    <subfield code="a">Volume 1, issue 1 (December 2017); title from journal information page (SpringerLink website, viewed December 23, 2019).</subfield>
  </datafield>
  <datafield tag="588" ind1="1" ind2=" ">
    <subfield code="a">Volume 3, issue 1 (December 2019) (SpringerLink website, viewed December 23, 2019).</subfield>
  </datafield>
  <datafield tag="650" ind1=" " ind2="0">
    <subfield code="a">Chemistry, Physical and theoretical</subfield>
    <subfield code="v">Periodicals.</subfield>
  </datafield>
  <datafield tag="655" ind1=" " ind2="0">
    <subfield code="a">Electronic journals.</subfield>
  </datafield>
  <datafield tag="655" ind1=" " ind2="7">
    <subfield code="a">Periodicals.</subfield>
    <subfield code="2">fast</subfield>
    <subfield code="0">(OCoLC)fst01411641</subfield>
  </datafield>
  <datafield tag="850" ind1=" " ind2=" ">
    <subfield code="a">DLC</subfield>
  </datafield>
  <datafield tag="859" ind1="4" ind2="0">
    <subfield code="u">https://link.springer.com/journal/41313</subfield>
  </datafield>
  <datafield tag="859" ind1="4" ind2="0">
    <subfield code="u">https://materialstheory.springeropen.com/</subfield>
    <subfield code="z">2017 to present</subfield>
  </datafield>
  <datafield tag="859" ind1="4" ind2="0">
    <subfield code="u">http://MH9FE2FT4Z.search.serialssolutions.com/?V=1.0&amp;L=MH9FE2FT4Z&amp;S=JCs&amp;C=JC_028553396&amp;T=marc</subfield>
    <subfield code="z">Access for all John Jay users</subfield>
  </datafield>
  <datafield tag="859" ind1="4" ind2="0">
    <subfield code="u">http://VH7QX3XE2P.search.serialssolutions.com/?V=1.0&amp;L=VH7QX3XE2P&amp;S=JCs&amp;C=JC_028553396&amp;T=marc</subfield>
    <subfield code="z">VIEW FULL TEXT</subfield>
  </datafield>
  <datafield tag="906" ind1=" " ind2=" ">
    <subfield code="a">7</subfield>
    <subfield code="b">cbc</subfield>
    <subfield code="c">serasst</subfield>
    <subfield code="d">2</subfield>
    <subfield code="e">ncip</subfield>
    <subfield code="f">20</subfield>
    <subfield code="g">n-oclcserc</subfield>
  </datafield>
  <datafield tag="925" ind1="0" ind2=" ">
    <subfield code="a">acquire</subfield>
    <subfield code="e">edeposit</subfield>
    <subfield code="x">policy default</subfield>
  </datafield>
  <datafield tag="955" ind1=" " ind2=" ">
    <subfield code="a">rh00 2018-05-07</subfield>
    <subfield code="i">rh25 2019-12-23</subfield>
  </datafield>
  <datafield tag="985" ind1=" " ind2=" ">
    <subfield code="d">20180705</subfield>
    <subfield code="e">edeposit SR16680867992</subfield>
  </datafield>
</record>