
<record>
  <leader>04015cam a2200397 i 4500</leader>
  <controlfield tag="001">20695312</controlfield>
  <controlfield tag="005">20200104145217.0</controlfield>
  <controlfield tag="008">181003s2018    mx a     b    000 0 spa  </controlfield>
  <datafield tag="906" ind1=" " ind2=" ">
    <subfield code="a">7</subfield>
    <subfield code="b">cbc</subfield>
    <subfield code="c">orignew</subfield>
    <subfield code="d">2</subfield>
    <subfield code="e">ncip</subfield>
    <subfield code="f">20</subfield>
    <subfield code="g">y-gencatlg</subfield>
  </datafield>
  <datafield tag="925" ind1="0" ind2=" ">
    <subfield code="a">acquire</subfield>
    <subfield code="b">1 shelf copy</subfield>
    <subfield code="x">policy default</subfield>
  </datafield>
  <datafield tag="955" ind1=" " ind2=" ">
    <subfield code="b">bf27 2018-10-03 to ALAWE/MCAC</subfield>
    <subfield code="b">bf03 2018-11-05</subfield>
    <subfield code="c">bf03 2018-11-05 to subject</subfield>
    <subfield code="d">bf09 2018-12-06 (telework)</subfield>
    <subfield code="e">bf09 2018-12-07</subfield>
    <subfield code="w">xm06 2020-01-04</subfield>
  </datafield>
  <datafield tag="010" ind1=" " ind2=" ">
    <subfield code="a">  2018402687</subfield>
  </datafield>
  <datafield tag="020" ind1=" " ind2=" ">
    <subfield code="a">9786079696849</subfield>
    <subfield code="q">(UDL o Instituto Trilingüe Londres)</subfield>
  </datafield>
  <datafield tag="020" ind1=" " ind2=" ">
    <subfield code="a">9786075202792</subfield>
    <subfield code="q">(Universidad Autónoma de Ciudad Juárez UACJ)</subfield>
  </datafield>
  <datafield tag="040" ind1=" " ind2=" ">
    <subfield code="a">DLC</subfield>
    <subfield code="b">eng</subfield>
    <subfield code="e">rda</subfield>
    <subfield code="c">DLC</subfield>
    <subfield code="d">DLC</subfield>
  </datafield>
  <datafield tag="042" ind1=" " ind2=" ">
    <subfield code="a">pcc</subfield>
  </datafield>
  <datafield tag="043" ind1=" " ind2=" ">
    <subfield code="a">n-mx---</subfield>
  </datafield>
  <datafield tag="050" ind1="0" ind2="0">
    <subfield code="a">HX113.8.M45</subfield>
    <subfield code="b">S46 2018</subfield>
  </datafield>
  <datafield tag="082" ind1="0" ind2="0">
    <subfield code="a">335.43092</subfield>
    <subfield code="2">23</subfield>
  </datafield>
  <datafield tag="245" ind1="0" ind2="0">
    <subfield code="a">Semblanzas de Guillermo Rousset Banda :</subfield>
    <subfield code="b">recuerdos y reflexiones para la reconstrucción de la trayectoria de un intelectual del siglo XX /</subfield>
    <subfield code="c">Antonio Rousset y Gabriela de la Vega, coordinadores.</subfield>
  </datafield>
  <datafield tag="250" ind1=" " ind2=" ">
    <subfield code="a">Primera edición.</subfield>
  </datafield>
  <datafield tag="264" ind1=" " ind2="1">
    <subfield code="a">Ciudad de México :</subfield>
    <subfield code="b">Universidad de Londres ;</subfield>
    <subfield code="a">Ciudad Juárez, Chihuahua :</subfield>
    <subfield code="b">UACJ, Universidad Autónoma de Ciudad Juárez,</subfield>
    <subfield code="c">2018.</subfield>
  </datafield>
  <datafield tag="300" ind1=" " ind2=" ">
    <subfield code="a">455 pages :</subfield>
    <subfield code="b">illustrations (chiefly color) ;</subfield>
    <subfield code="c">24 cm</subfield>
  </datafield>
  <datafield tag="336" ind1=" " ind2=" ">
    <subfield code="a">text</subfield>
    <subfield code="b">txt</subfield>
    <subfield code="2">rdacontent</subfield>
  </datafield>
  <datafield tag="337" ind1=" " ind2=" ">
    <subfield code="a">unmediated</subfield>
    <subfield code="b">n</subfield>
    <subfield code="2">rdamedia</subfield>
  </datafield>
  <datafield tag="338" ind1=" " ind2=" ">
    <subfield code="a">volume</subfield>
    <subfield code="b">nc</subfield>
    <subfield code="2">rdacarrier</subfield>
  </datafield>
  <datafield tag="504" ind1=" " ind2=" ">
    <subfield code="a">Includes bibliographical references (pages 403-411) and indexes.</subfield>
  </datafield>
  <datafield tag="505" ind1="0" ind2=" ">
    <subfield code="a">Rousset, izquerida arcana? / Rubén Lau -- Guillermo Rousset Banda : algunas escenas de su vida y de su muerte / Mario Héctor Rivera Ortiz -- Guillermo Rousset a la distancia / Rolando Maganda Peña -- El legendario Guillermo Rousset Banda : un ausente imprescindible / Joel Ortega Juárez -- Violencia revolucionaria y antagonismo de clases / José Ernesto Solís -- Moral burguesa y ética marxista / Roberto Vázquez Muñoz -- Querido Guillermo, inolvidabel felino gatirrín / Gabriela de la Vega -- Las andanzas de Guillermo Rousse / Philippe Cheron --Guillermo Rousset Banda (1a y 2a entrevistas) -- Entre dos verdades / Bedelia Velázquez de García -- Sobre su cadáver / Nuri Aguilera -- Dode el miedo y no vale / Lizbeth Padilla -- Una mente inagotable de sorpresas, de experiencias y de vida / José Alfonso Suárez del Real y Aguilera -- En memoria de mi amigo y maestro Guillermo Rousset Banda / Lidia Camacho -- Mística y poesía / Rocío Barragán -- Doble sensibilidad herida / Guadalupe Elizalde -- Guillermo Rousset Banda, in memoriam -- Encuentros apasionados con la vida y el arte / Teresa Guarneros -- El de rostos ocultos / Rosa Lomelí -- Innumerables facetas de existencia / Nora Piambo -- Mi camino hacia Pound y hacia Rilke : reflexiiones sobre el verso libre y la versión parafrástica / Pilar Jiménez Trejo -- Tengo estómago de Zopilote / Salvador Castañeda -- Sobre Guillermo Rousset Banda / Manuel Anzaldo Meneses -- Un bibliófilio en Nueva York / Lucia Puente -- El hacer de un escritor políglota / Mario del Valle -- El editor que dio vida a la Editorial Domés / Bernarda Solís -- Pequeño recuerdo de la vida ilustrada y brusca de Guillermo Rousset Banda / Víctor Manuel Mendiola -- Mi amigo bibliófilo, editor y traductor / Juan José Arreola -- Salvador Novo, anfitrón / José de la Colina -- Los negocios de señor Gilberto / José Agustín -- Guillermo Rousset Banda / Marco Antonio Montes de Oca -- La renuncia de cinco intelectuales destacados a la revista Política y la polémica efectuada con Guillermo Rousset Banda en el año 1964 -- El estatuto de la memoria en dos concepciones opuestas de la izquerida : Enrique Semo y Guillermo Rousset Banda.</subfield>
  </datafield>
  <datafield tag="600" ind1="1" ind2="0">
    <subfield code="a">Rousset Banda, Guillermo</subfield>
  </datafield>
  <datafield tag="650" ind1=" " ind2="0">
    <subfield code="a">Communists</subfield>
    <subfield code="z">Mexico</subfield>
    <subfield code="v">Biography.</subfield>
  </datafield>
  <datafield tag="650" ind1=" " ind2="0">
    <subfield code="a">Intellectuals</subfield>
    <subfield code="z">Mexico</subfield>
    <subfield code="v">Biography.</subfield>
  </datafield>
  <datafield tag="650" ind1=" " ind2="0">
    <subfield code="a">Editors</subfield>
    <subfield code="z">Mexico</subfield>
    <subfield code="v">Biography.</subfield>
  </datafield>
  <datafield tag="650" ind1=" " ind2="0">
    <subfield code="a">Translators</subfield>
    <subfield code="z">Mexico</subfield>
    <subfield code="v">Biography.</subfield>
  </datafield>
  <datafield tag="700" ind1="1" ind2=" ">
    <subfield code="a">Rousset Banda, Guillermo.</subfield>
  </datafield>
  <datafield tag="700" ind1="1" ind2=" ">
    <subfield code="a">Rousset, Antonio,</subfield>
    <subfield code="d">1960-</subfield>
    <subfield code="e">editor.</subfield>
  </datafield>
  <datafield tag="700" ind1="1" ind2=" ">
    <subfield code="a">Vega, Gabriela de la,</subfield>
    <subfield code="e">editor.</subfield>
  </datafield>
</record>