
<record>
  <leader>03554cam a2200349 i 4500</leader>
  <controlfield tag="001">20717707</controlfield>
  <controlfield tag="005">20200104152637.0</controlfield>
  <controlfield tag="008">181024s2018    cauab    b    000 0 eng  </controlfield>
  <datafield tag="906" ind1=" " ind2=" ">
    <subfield code="a">7</subfield>
    <subfield code="b">cbc</subfield>
    <subfield code="c">origres</subfield>
    <subfield code="d">2</subfield>
    <subfield code="e">ncip</subfield>
    <subfield code="f">20</subfield>
    <subfield code="g">y-gencatlg</subfield>
  </datafield>
  <datafield tag="925" ind1="0" ind2=" ">
    <subfield code="a">acquire</subfield>
    <subfield code="b">1 shelf copy</subfield>
    <subfield code="x">policy default</subfield>
  </datafield>
  <datafield tag="955" ind1=" " ind2=" ">
    <subfield code="b">xn11 2018-10-24 z-processor to USASH</subfield>
    <subfield code="a">rl00 2018-10-30 to SMA (P2)</subfield>
    <subfield code="i">rl11 2019-07-29 to Dewey</subfield>
    <subfield code="w">xm06 2020-01-04</subfield>
  </datafield>
  <datafield tag="010" ind1=" " ind2=" ">
    <subfield code="a">  2018289157</subfield>
  </datafield>
  <datafield tag="020" ind1=" " ind2=" ">
    <subfield code="a">9780833099860</subfield>
    <subfield code="q">(paperback)</subfield>
  </datafield>
  <datafield tag="020" ind1=" " ind2=" ">
    <subfield code="a">0833099868</subfield>
    <subfield code="q">(paperback)</subfield>
  </datafield>
  <datafield tag="040" ind1=" " ind2=" ">
    <subfield code="a">DLC</subfield>
    <subfield code="b">eng</subfield>
    <subfield code="e">rda</subfield>
    <subfield code="c">DLC</subfield>
    <subfield code="d">DLC</subfield>
  </datafield>
  <datafield tag="042" ind1=" " ind2=" ">
    <subfield code="a">pcc</subfield>
  </datafield>
  <datafield tag="043" ind1=" " ind2=" ">
    <subfield code="a">n-us-ny</subfield>
  </datafield>
  <datafield tag="050" ind1="0" ind2="0">
    <subfield code="a">UB369</subfield>
    <subfield code="b">.T36 2018</subfield>
  </datafield>
  <datafield tag="082" ind1="0" ind2="0">
    <subfield code="a">362.1086/9709747</subfield>
    <subfield code="2">23</subfield>
  </datafield>
  <datafield tag="100" ind1="1" ind2=" ">
    <subfield code="a">Tanielian, Terri L.,</subfield>
    <subfield code="e">author.</subfield>
  </datafield>
  <datafield tag="245" ind1="1" ind2="0">
    <subfield code="a">Ready or not? :</subfield>
    <subfield code="b">assessing the capacity of New York State health care providers to meet the needs of veterans /</subfield>
    <subfield code="c">Terri Tanielian [and four others] ; sponsored by the New York State Health Foundation.</subfield>
  </datafield>
  <datafield tag="264" ind1=" " ind2="1">
    <subfield code="a">Santa Monica, Calif. :</subfield>
    <subfield code="b">RAND Health,</subfield>
    <subfield code="c">[2018]</subfield>
  </datafield>
  <datafield tag="300" ind1=" " ind2=" ">
    <subfield code="a">v, 50 pages :</subfield>
    <subfield code="b">color illustrations, color maps ;</subfield>
    <subfield code="c">28 cm.</subfield>
  </datafield>
  <datafield tag="336" ind1=" " ind2=" ">
    <subfield code="a">text</subfield>
    <subfield code="b">txt</subfield>
    <subfield code="2">rdacontent</subfield>
  </datafield>
  <datafield tag="337" ind1=" " ind2=" ">
    <subfield code="a">unmediated</subfield>
    <subfield code="b">n</subfield>
    <subfield code="2">rdamedia</subfield>
  </datafield>
  <datafield tag="338" ind1=" " ind2=" ">
    <subfield code="a">volume</subfield>
    <subfield code="b">nc</subfield>
    <subfield code="2">rdacarrier</subfield>
  </datafield>
  <datafield tag="490" ind1="0" ind2=" ">
    <subfield code="a">RR ;</subfield>
    <subfield code="v">2298-NYSHF</subfield>
  </datafield>
  <datafield tag="520" ind1=" " ind2=" ">
    <subfield code="a">Providers working in the private sector are an increasingly important part of the overall health workforce addressing veterans&apos; health needs. However, very little is known about whether private health care providers are equipped to offer timely access to high-quality care that addresses the unique needs of veterans. Without an understanding of private-sector providers&apos; capacity to treat veterans, training programs to help community providers serve veterans more efficiently might not be targeted to the areas or topics of greatest need. This report addressed several specific research areas: assessing the demographics, training, and practice characteristics of health care providers in New York; how familiar those providers are with aspects of military and veteran culture; and provider experience with veterans as patients and with the Veterans Administration. A six-point definition was used to determine provider readiness: Providers must be accepting new patients, they must be prepared to treat and manage conditions common among the veteran population, they should be using clinical practice guidelines for high-quality care, they should be screening for problems that are common among veterans, they should provide accommodations for those with disabilities or mental health care needs, they should have a basic understanding of military and veteran culture, and they should routinely ask if patients are veterans, service members, or military family members. The authors determined that while timeliness was not a problem, the number of prepared providers dropped precipitously when factoring in such qualities as familiarity with military culture and screenings for military affiliation or for conditions common among veterans.</subfield>
  </datafield>
  <datafield tag="504" ind1=" " ind2=" ">
    <subfield code="a">Includes bibliographical references (pages 49-50).</subfield>
  </datafield>
  <datafield tag="505" ind1="0" ind2=" ">
    <subfield code="a">Background on veterans&apos; health care in New York State -- Characteristics and capacity of New York State health care providers -- Familiarity of New York providers with the population of veterans, service members, and their families -- Experience with VA and VA community care -- Capacity to provide high-quality, timely, veteran-centered health care for veterans -- Discussion and conclusions.</subfield>
  </datafield>
  <datafield tag="650" ind1=" " ind2="0">
    <subfield code="a">Veterans</subfield>
    <subfield code="x">Medical care</subfield>
    <subfield code="z">New York (State)</subfield>
    <subfield code="x">Evaluation.</subfield>
  </datafield>
  <datafield tag="856" ind1="4" ind2="1">
    <subfield code="u">https://www.rand.org/pubs/research_reports/RR2298.html</subfield>
  </datafield>
</record>