
<record>
  <leader>03395cam a22003617a 4500</leader>
  <controlfield tag="001">20766194</controlfield>
  <controlfield tag="005">20200104150720.0</controlfield>
  <controlfield tag="008">181204s2012    vaua     b   f000 0 eng d</controlfield>
  <datafield tag="906" ind1=" " ind2=" ">
    <subfield code="a">7</subfield>
    <subfield code="b">cbc</subfield>
    <subfield code="c">copycat</subfield>
    <subfield code="d">2</subfield>
    <subfield code="e">ncip</subfield>
    <subfield code="f">20</subfield>
    <subfield code="g">y-gencatlg</subfield>
  </datafield>
  <datafield tag="925" ind1="0" ind2=" ">
    <subfield code="a">acquire</subfield>
    <subfield code="b">1 shelf copy</subfield>
    <subfield code="x">policy default</subfield>
  </datafield>
  <datafield tag="955" ind1=" " ind2=" ">
    <subfield code="b">hk10 2018-12-04 z-processor</subfield>
    <subfield code="i">hk15 2019-08-07 to Dewey</subfield>
    <subfield code="w">xm06 2020-01-04</subfield>
  </datafield>
  <datafield tag="010" ind1=" " ind2=" ">
    <subfield code="a">  2018410976</subfield>
  </datafield>
  <datafield tag="035" ind1=" " ind2=" ">
    <subfield code="a">(OCoLC)ocn918207641</subfield>
  </datafield>
  <datafield tag="040" ind1=" " ind2=" ">
    <subfield code="a">VYM</subfield>
    <subfield code="b">eng</subfield>
    <subfield code="c">VYM</subfield>
    <subfield code="d">OCLCF</subfield>
    <subfield code="d">OCLCQ</subfield>
    <subfield code="d">DLC</subfield>
  </datafield>
  <datafield tag="042" ind1=" " ind2=" ">
    <subfield code="a">lccopycat</subfield>
  </datafield>
  <datafield tag="043" ind1=" " ind2=" ">
    <subfield code="a">n-us---</subfield>
  </datafield>
  <datafield tag="050" ind1="0" ind2="0">
    <subfield code="a">VE23</subfield>
    <subfield code="b">.A85 2012</subfield>
  </datafield>
  <datafield tag="082" ind1="0" ind2="0">
    <subfield code="a">355/.07</subfield>
    <subfield code="2">23</subfield>
  </datafield>
  <datafield tag="245" ind1="0" ind2="0">
    <subfield code="a">2011 U.S. Marine Corps S &amp; T strategic plan :</subfield>
    <subfield code="b">leading edge technology for the Marines of tomorrow.</subfield>
  </datafield>
  <datafield tag="246" ind1="3" ind2=" ">
    <subfield code="a">Marine Corps science &amp; technology strategic plan</subfield>
  </datafield>
  <datafield tag="260" ind1=" " ind2=" ">
    <subfield code="a">[Arlington, VA?] :</subfield>
    <subfield code="b">United States Marine Corps,</subfield>
    <subfield code="c">2012.</subfield>
  </datafield>
  <datafield tag="300" ind1=" " ind2=" ">
    <subfield code="a">58 pages :</subfield>
    <subfield code="b">color illustrations ;</subfield>
    <subfield code="c">28 cm</subfield>
  </datafield>
  <datafield tag="336" ind1=" " ind2=" ">
    <subfield code="a">text</subfield>
    <subfield code="b">txt</subfield>
    <subfield code="2">rdacontent</subfield>
  </datafield>
  <datafield tag="337" ind1=" " ind2=" ">
    <subfield code="a">unmediated</subfield>
    <subfield code="b">n</subfield>
    <subfield code="2">rdamedia</subfield>
  </datafield>
  <datafield tag="338" ind1=" " ind2=" ">
    <subfield code="a">volume</subfield>
    <subfield code="b">nc</subfield>
    <subfield code="2">rdacarrier</subfield>
  </datafield>
  <datafield tag="500" ind1=" " ind2=" ">
    <subfield code="a">17 Jan 2012.</subfield>
  </datafield>
  <datafield tag="504" ind1=" " ind2=" ">
    <subfield code="a">Includes bibliographical references (pages 57-58).</subfield>
  </datafield>
  <datafield tag="505" ind1="0" ind2=" ">
    <subfield code="a">Introduction. -- Purpose. -- Background. -- Capability needs. -- Assumptions. -- Science &amp; technology budget categories. -- Science and technology objectives (STOs). -- Marine Corps S &amp; T in support of America, British, Canadian, Australian (ABCA), and New Zealand Coalition Interoperability Program. -- Marine Corps S &amp; T program elements (PEs). -- Functional Areas: Command and control. -- Intelligence. -- Maneuver. -- Fires. -- Escalation of force. -- Force protection. -- Logistics. -- Expeditionary energy. -- Training and education. -- Irregular warfare. -- Annexes: Seabasing. -- Aviation. -- Naval medicine and human performance.</subfield>
  </datafield>
  <datafield tag="520" ind1=" " ind2=" ">
    <subfield code="a">&quot;This plan establishes priorities and provides the combat developer&apos;s guidance and direction for investment in the science and technology (S &amp; T) necessary to enable our future Marine Corps. It addresses capability needs for each of the elements of our Marine Air-Ground Task Force as well as key enabling needs resourced by the Navy; these include support to the Sea Base, Naval Aviation, and Naval Medicine and Human Performance. Recognizing the importance of reducing the demand for power and energy to our warfighters, we have included a Power &amp; Energy section in this year&apos;s plan. This Plan identifies Science and Technology Objectives (STO) as those technology capability enhancements most needed to enable the warfighting capabilities of our future operating forces. The STOs are not all inclusive and neither are they an end in themselves. The STOs are the opening salvo in the engagement between the S &amp; T &apos;three circles&apos; (consisting of the combat developer, technology developer, and the materiel developer) in defining what is required, the &apos;art of the possible, &apos; and what can and will transition into a program of record. Only in this coordinated fashion can we ensure that our S &amp; T dollars are spent wisely and effectively. While each of the participants in this process is important, requirements drive the S &amp; T process.&quot;--</subfield>
    <subfield code="c">Source other than Library of Congress.</subfield>
  </datafield>
  <datafield tag="610" ind1="1" ind2="0">
    <subfield code="a">United States.</subfield>
    <subfield code="b">Marine Corps</subfield>
    <subfield code="x">Research</subfield>
    <subfield code="x">Planning.</subfield>
  </datafield>
  <datafield tag="610" ind1="1" ind2="0">
    <subfield code="a">United States.</subfield>
    <subfield code="b">Marine Corps</subfield>
    <subfield code="x">Technological innovations</subfield>
    <subfield code="x">Planning.</subfield>
  </datafield>
  <datafield tag="650" ind1=" " ind2="0">
    <subfield code="a">Military research</subfield>
    <subfield code="z">United States</subfield>
    <subfield code="x">Planning.</subfield>
  </datafield>
  <datafield tag="710" ind1="1" ind2=" ">
    <subfield code="a">United States.</subfield>
    <subfield code="b">Marine Corps,</subfield>
    <subfield code="e">issuing body.</subfield>
  </datafield>
</record>