
<record>
  <leader>02781cam a2200361 i 4500</leader>
  <controlfield tag="001">20912311</controlfield>
  <controlfield tag="005">20200104142313.0</controlfield>
  <controlfield tag="008">190328s2019    nju      b    000 0 eng c</controlfield>
  <datafield tag="906" ind1=" " ind2=" ">
    <subfield code="a">7</subfield>
    <subfield code="b">cbc</subfield>
    <subfield code="c">orignew</subfield>
    <subfield code="d">1</subfield>
    <subfield code="e">ecip</subfield>
    <subfield code="f">20</subfield>
    <subfield code="g">y-gencatlg</subfield>
  </datafield>
  <datafield tag="925" ind1="0" ind2=" ">
    <subfield code="a">acquire</subfield>
    <subfield code="b">1 shelf copy</subfield>
    <subfield code="x">policy default</subfield>
  </datafield>
  <datafield tag="955" ind1=" " ind2=" ">
    <subfield code="a">LBSOR</subfield>
    <subfield code="e">rk02 2019-04-02 to Dewey (telework)</subfield>
    <subfield code="w">xm07 2019-04-04</subfield>
    <subfield code="a">xn11 2019-10-11 1 copy rec&apos;d., to CIP ver.</subfield>
    <subfield code="f">rk06 2020-01-04 to BCCD</subfield>
  </datafield>
  <datafield tag="010" ind1=" " ind2=" ">
    <subfield code="a">  2019013788</subfield>
  </datafield>
  <datafield tag="020" ind1=" " ind2=" ">
    <subfield code="a">9781629956220 (pbk.)</subfield>
  </datafield>
  <datafield tag="020" ind1=" " ind2=" ">
    <subfield code="z">9781629956237 (epub)</subfield>
  </datafield>
  <datafield tag="020" ind1=" " ind2=" ">
    <subfield code="z">9781629956244 (mobi)</subfield>
  </datafield>
  <datafield tag="040" ind1=" " ind2=" ">
    <subfield code="a">LBSOR/DLC</subfield>
    <subfield code="b">eng</subfield>
    <subfield code="c">LBSOR</subfield>
    <subfield code="e">rda</subfield>
    <subfield code="d">DLC</subfield>
  </datafield>
  <datafield tag="042" ind1=" " ind2=" ">
    <subfield code="a">pcc</subfield>
  </datafield>
  <datafield tag="050" ind1="0" ind2="0">
    <subfield code="a">BV4908.5</subfield>
    <subfield code="b">.T38 2019</subfield>
  </datafield>
  <datafield tag="082" ind1="0" ind2="0">
    <subfield code="a">242/.4</subfield>
    <subfield code="2">23</subfield>
  </datafield>
  <datafield tag="100" ind1="1" ind2=" ">
    <subfield code="a">Tautges, Paul,</subfield>
    <subfield code="e">author.</subfield>
  </datafield>
  <datafield tag="245" ind1="1" ind2="0">
    <subfield code="a">Anxiety :</subfield>
    <subfield code="b">knowing God&apos;s peace /</subfield>
    <subfield code="c">Paul Tautges.</subfield>
  </datafield>
  <datafield tag="264" ind1=" " ind2="1">
    <subfield code="a">Phillipsburg, New Jersey :</subfield>
    <subfield code="b">P&amp;R Publishing,</subfield>
    <subfield code="c">[2019]</subfield>
  </datafield>
  <datafield tag="300" ind1=" " ind2=" ">
    <subfield code="a">100 pages ;</subfield>
    <subfield code="c">22 cm.</subfield>
  </datafield>
  <datafield tag="336" ind1=" " ind2=" ">
    <subfield code="a">text</subfield>
    <subfield code="2">rdacontent</subfield>
  </datafield>
  <datafield tag="337" ind1=" " ind2=" ">
    <subfield code="a">unmediated</subfield>
    <subfield code="2">rdamedia</subfield>
  </datafield>
  <datafield tag="338" ind1=" " ind2=" ">
    <subfield code="a">volume</subfield>
    <subfield code="2">rdacarrier</subfield>
  </datafield>
  <datafield tag="490" ind1="0" ind2=" ">
    <subfield code="a">31-day devotionals for life&apos;s problems</subfield>
  </datafield>
  <datafield tag="504" ind1=" " ind2=" ">
    <subfield code="a">Includes bibliographical references.</subfield>
  </datafield>
  <datafield tag="520" ind1=" " ind2=" ">
    <subfield code="a">&quot;In anxiety, the suffering of body and soul are intertwined. Counselor Paul Tautges&apos;s daily devotional readings, reflection questions, and practical application fuel the faith that strengthens inner security and peace&quot;--</subfield>
    <subfield code="c">Provided by publisher.</subfield>
  </datafield>
  <datafield tag="505" ind1="0" ind2=" ">
    <subfield code="a">Introduction: when panic attacks -- Day 1: we are embodied spirits -- Day 2: we are weak and limited -- Day 3: anxiety distracts us -- Day 4: the pressure of anxiety -- Day 5: discontentment and coveting -- Day 6: the enemy of perfectionism -- Day 7: anger, irritability, and frustration -- Day 8: wicked envy -- Day 9: disordered worship -- Day 10: in the pasture of the good shepherd -- Day 11: &quot;come to me, and I will give you rest&quot; -- Day 12: your heavenly Father cares -- Day 13: your heavenly Father provides -- Day 14: your heavenly Father knows -- Day 15: the choice to rejoice -- Day 16: worry about nothing, pray about everything -- Day 17: the gatekeeper of your heart -- Day 18: think positive -- Day 19: cultivating an attitude of gratitude -- Day 20: killing worry with daggers of truth -- Day 21: casting cares -- Day 22: sober up! -- Day 23: three sleep aids -- Day 24: the power of a promise -- Day 25: faith cripples the power of fear -- Day 26: trust in the Lord with all your heart -- Day 27: He will make straight your paths -- Day 28: relax in God -- Day 29: always remember and never forget -- Day 30: keeping yourself in God&apos;s love -- Day 31: call your security guard -- Conclusion: &quot;return, o my soul, to your rest&quot;.</subfield>
  </datafield>
  <datafield tag="650" ind1=" " ind2="0">
    <subfield code="a">Anxiety</subfield>
    <subfield code="x">Religious aspects</subfield>
    <subfield code="x">Christianity</subfield>
    <subfield code="v">Meditations.</subfield>
  </datafield>
  <datafield tag="650" ind1=" " ind2="0">
    <subfield code="a">Peace of mind</subfield>
    <subfield code="x">Religious aspects</subfield>
    <subfield code="x">Christianity</subfield>
    <subfield code="v">Meditations.</subfield>
  </datafield>
  <datafield tag="985" ind1=" " ind2=" ">
    <subfield code="a">LBSORCIP</subfield>
    <subfield code="d">2019-04-01</subfield>
  </datafield>
</record>