
<record>
  <leader>01520ctm a2200313 i 4500</leader>
  <controlfield tag="001">21031814</controlfield>
  <controlfield tag="005">20200104113038.0</controlfield>
  <controlfield tag="008">190624n18uu    ii            000 0 urdr </controlfield>
  <datafield tag="906" ind1=" " ind2=" ">
    <subfield code="a">7</subfield>
    <subfield code="b">cbc</subfield>
    <subfield code="c">orignew</subfield>
    <subfield code="d">3</subfield>
    <subfield code="e">ncip</subfield>
    <subfield code="f">20</subfield>
    <subfield code="g">y-nonroman</subfield>
  </datafield>
  <datafield tag="925" ind1="0" ind2=" ">
    <subfield code="a">acquire</subfield>
    <subfield code="b">1 shelf copy</subfield>
    <subfield code="x">policy default</subfield>
  </datafield>
  <datafield tag="955" ind1=" " ind2=" ">
    <subfield code="a">cm13 2019-06-24</subfield>
    <subfield code="i">cm13 2019-06-24</subfield>
    <subfield code="u">cm13 2019-08-27 telework</subfield>
    <subfield code="e">cm10 2019-12-02 to Asian Division</subfield>
  </datafield>
  <datafield tag="010" ind1=" " ind2=" ">
    <subfield code="a">  2002531291</subfield>
  </datafield>
  <datafield tag="040" ind1=" " ind2=" ">
    <subfield code="a">DLC</subfield>
    <subfield code="b">eng</subfield>
    <subfield code="e">rda</subfield>
    <subfield code="c">DLC</subfield>
  </datafield>
  <datafield tag="042" ind1=" " ind2=" ">
    <subfield code="a">pcc</subfield>
  </datafield>
  <datafield tag="050" ind1="0" ind2="0">
    <subfield code="a">PK2040.2</subfield>
    <subfield code="b">.Q225 1800z</subfield>
  </datafield>
  <datafield tag="066" ind1=" " ind2=" ">
    <subfield code="c">(3</subfield>
    <subfield code="c">(4</subfield>
  </datafield>
  <datafield tag="245" ind1="0" ind2="0">
    <subfield code="6">880-01</subfield>
    <subfield code="a">Qadīm shuʻarāʼ-i Urdū, Ibn Nishāt̤ī, G̲h̲aus̲ī, ʻAlī Raḥmatī, Maḥmūd :</subfield>
    <subfield code="b">giyārvīn̲, bārhvīn̲ ṣadī ke nāyāb navādir.</subfield>
  </datafield>
  <datafield tag="880" ind1="0" ind2="0">
    <subfield code="6">245-01/(3/r‏</subfield>
    <subfield code="a">‏قديم شعراء اردو، ابن نشاطى، غوثى، على رحمتى، محمود :‏</subfield>
    <subfield code="b">‏گيارويں، بارهويں صدى کے ناياب نوادر.</subfield>
  </datafield>
  <datafield tag="264" ind1=" " ind2="1">
    <subfield code="a">[Place of publication not identified] :</subfield>
    <subfield code="b">[publisher not identified],</subfield>
    <subfield code="c">[18--?]</subfield>
  </datafield>
  <datafield tag="300" ind1=" " ind2=" ">
    <subfield code="a">[36] pages ;</subfield>
    <subfield code="c">36 cm</subfield>
  </datafield>
  <datafield tag="336" ind1=" " ind2=" ">
    <subfield code="a">text</subfield>
    <subfield code="b">txt</subfield>
    <subfield code="2">rdacontent</subfield>
  </datafield>
  <datafield tag="337" ind1=" " ind2=" ">
    <subfield code="a">unmediated</subfield>
    <subfield code="b">n</subfield>
    <subfield code="2">rdamedia</subfield>
  </datafield>
  <datafield tag="338" ind1=" " ind2=" ">
    <subfield code="a">volume</subfield>
    <subfield code="b">nc</subfield>
    <subfield code="2">rdacarrier</subfield>
  </datafield>
  <datafield tag="500" ind1=" " ind2=" ">
    <subfield code="a">Manuscript #246.</subfield>
  </datafield>
  <datafield tag="520" ind1=" " ind2=" ">
    <subfield code="a">Selections from classical works of Ibn Nishāt̤ī, G̲h̲aus̲ī, ʻAlī Raḥmatī, Maḥmūd, poets from 12th and 13th century.</subfield>
  </datafield>
  <datafield tag="546" ind1=" " ind2=" ">
    <subfield code="a">In Urdu.</subfield>
  </datafield>
  <datafield tag="650" ind1=" " ind2="0">
    <subfield code="a">Urdu poetry</subfield>
    <subfield code="y">To 1500.</subfield>
  </datafield>
  <datafield tag="710" ind1="2" ind2=" ">
    <subfield code="a">Naqvi Collection (Library of Congress. Asian Division)</subfield>
    <subfield code="5">DLC</subfield>
  </datafield>
  <datafield tag="952" ind1=" " ind2=" ">
    <subfield code="a">LC copy imperfect; faded and illegible text.</subfield>
  </datafield>
</record>