
<record>
  <leader>01838cam a2200325 i 4500</leader>
  <controlfield tag="001">21095517</controlfield>
  <controlfield tag="005">20200104125151.0</controlfield>
  <controlfield tag="008">190722s2019    scu      b    000 0 eng  </controlfield>
  <datafield tag="906" ind1=" " ind2=" ">
    <subfield code="a">7</subfield>
    <subfield code="b">cbc</subfield>
    <subfield code="c">orignew</subfield>
    <subfield code="d">1</subfield>
    <subfield code="e">ecip</subfield>
    <subfield code="f">20</subfield>
    <subfield code="g">y-gencatlg</subfield>
  </datafield>
  <datafield tag="925" ind1="0" ind2=" ">
    <subfield code="a">acquire</subfield>
    <subfield code="b">1 shelf copy</subfield>
    <subfield code="x">policy default</subfield>
  </datafield>
  <datafield tag="955" ind1=" " ind2=" ">
    <subfield code="b">rk10 2019-07-23</subfield>
    <subfield code="c">rk10 2019-07-23 (telework) to subject</subfield>
    <subfield code="d">rk02 2019-07-22 to Dewey (telework--episodic--OT)</subfield>
    <subfield code="w">xm07 2019-07-24</subfield>
    <subfield code="a">xn11 2019-12-17 1 copy rec&apos;d., to CIP ver.</subfield>
    <subfield code="f">rk06 2020-01-04 to BCCD</subfield>
  </datafield>
  <datafield tag="010" ind1=" " ind2=" ">
    <subfield code="a">  2019031145</subfield>
  </datafield>
  <datafield tag="020" ind1=" " ind2=" ">
    <subfield code="a">9781628568608</subfield>
    <subfield code="q">(paperback)</subfield>
  </datafield>
  <datafield tag="020" ind1=" " ind2=" ">
    <subfield code="z">9781628568615</subfield>
    <subfield code="q">(ebook)</subfield>
  </datafield>
  <datafield tag="040" ind1=" " ind2=" ">
    <subfield code="a">DLC</subfield>
    <subfield code="b">eng</subfield>
    <subfield code="c">DLC</subfield>
    <subfield code="e">rda</subfield>
    <subfield code="d">DLC</subfield>
  </datafield>
  <datafield tag="042" ind1=" " ind2=" ">
    <subfield code="a">pcc</subfield>
  </datafield>
  <datafield tag="050" ind1="0" ind2="0">
    <subfield code="a">BV652.25</subfield>
    <subfield code="b">.T385 2019</subfield>
  </datafield>
  <datafield tag="082" ind1="0" ind2="0">
    <subfield code="a">254/.5</subfield>
    <subfield code="2">23</subfield>
  </datafield>
  <datafield tag="100" ind1="1" ind2=" ">
    <subfield code="a">Taylor, Dean,</subfield>
    <subfield code="d">1963-</subfield>
    <subfield code="e">author.</subfield>
  </datafield>
  <datafield tag="245" ind1="1" ind2="4">
    <subfield code="a">The thriving church :</subfield>
    <subfield code="b">the true measure of growth /</subfield>
    <subfield code="c">Dean H. Taylor.</subfield>
  </datafield>
  <datafield tag="264" ind1=" " ind2="1">
    <subfield code="a">Greenville, South Carolina :</subfield>
    <subfield code="b">JourneyForth,</subfield>
    <subfield code="c">[2019]</subfield>
  </datafield>
  <datafield tag="300" ind1=" " ind2=" ">
    <subfield code="a">ix, 170 pages ;</subfield>
    <subfield code="c">22 cm</subfield>
  </datafield>
  <datafield tag="336" ind1=" " ind2=" ">
    <subfield code="a">text</subfield>
    <subfield code="b">txt</subfield>
    <subfield code="2">rdacontent</subfield>
  </datafield>
  <datafield tag="337" ind1=" " ind2=" ">
    <subfield code="a">unmediated</subfield>
    <subfield code="b">n</subfield>
    <subfield code="2">rdamedia</subfield>
  </datafield>
  <datafield tag="338" ind1=" " ind2=" ">
    <subfield code="a">volume</subfield>
    <subfield code="b">nc</subfield>
    <subfield code="2">rdacarrier</subfield>
  </datafield>
  <datafield tag="504" ind1=" " ind2=" ">
    <subfield code="a">Includes bibliographical references.</subfield>
  </datafield>
  <datafield tag="520" ind1=" " ind2=" ">
    <subfield code="a">&quot;The true measure of church growth is individual members of a local church maturing in Christ and in their service for Him&quot;--</subfield>
    <subfield code="c">Provided by publisher.</subfield>
  </datafield>
  <datafield tag="505" ind1="0" ind2=" ">
    <subfield code="a">Your Church Should Be Growing -- Treating a Sick Body -- Cultivating a Loving Body -- Unifying a Diverse Body -- Gifts from the Ascended Christ -- Every Pastor Equipping -- Every Member Ministering --  Measuring Growth --  The Pattern of Grace and Truth (Part 1) -- The Pattern of Grace and Truth (Part 2) -- The #1 Nutrient for a Growing Body --  Critical Connections --  Review and Resolve.</subfield>
  </datafield>
  <datafield tag="650" ind1=" " ind2="0">
    <subfield code="a">Church growth.</subfield>
  </datafield>
  <datafield tag="776" ind1="0" ind2="8">
    <subfield code="i">Online version:</subfield>
    <subfield code="a">Taylor, Dean, 1963-</subfield>
    <subfield code="t">The thriving church</subfield>
    <subfield code="d">Greenville : JourneyForth, 2019.</subfield>
    <subfield code="z">9781628568615</subfield>
    <subfield code="w">(DLC) 2019031146</subfield>
  </datafield>
</record>