
<record>
  <leader>02347cam a22003858i 4500</leader>
  <controlfield tag="001">21107693</controlfield>
  <controlfield tag="005">20200104090856.0</controlfield>
  <controlfield tag="008">190722s2019    vtu      b    001 0 eng c</controlfield>
  <datafield tag="906" ind1=" " ind2=" ">
    <subfield code="a">0</subfield>
    <subfield code="b">vip</subfield>
    <subfield code="c">orignew</subfield>
    <subfield code="d">1</subfield>
    <subfield code="e">ecip</subfield>
    <subfield code="f">20</subfield>
    <subfield code="g">y-gencatlg</subfield>
  </datafield>
  <datafield tag="925" ind1="0" ind2=" ">
    <subfield code="a">acquire</subfield>
    <subfield code="b">1 shelf copy</subfield>
    <subfield code="x">policy default</subfield>
  </datafield>
  <datafield tag="955" ind1=" " ind2=" ">
    <subfield code="b">2019-07-22</subfield>
    <subfield code="i">re23 2019-07-31 to Policy for subj. proposal</subfield>
    <subfield code="a">xn11 2019-11-27 1 copy rec&apos;d., to CIP ver.</subfield>
    <subfield code="e">td14 2020-01-02 to Dewey</subfield>
    <subfield code="w">xm06 2020-01-04</subfield>
  </datafield>
  <datafield tag="010" ind1=" " ind2=" ">
    <subfield code="a">  2019014391</subfield>
  </datafield>
  <datafield tag="020" ind1=" " ind2=" ">
    <subfield code="a">9781591433569</subfield>
    <subfield code="q">(paperback)</subfield>
  </datafield>
  <datafield tag="020" ind1=" " ind2=" ">
    <subfield code="z">9781591433576</subfield>
    <subfield code="q">(ebook)</subfield>
  </datafield>
  <datafield tag="040" ind1=" " ind2=" ">
    <subfield code="a">LBSOR/DLC</subfield>
    <subfield code="b">eng</subfield>
    <subfield code="c">DLC</subfield>
    <subfield code="e">rda</subfield>
  </datafield>
  <datafield tag="042" ind1=" " ind2=" ">
    <subfield code="a">pcc</subfield>
  </datafield>
  <datafield tag="043" ind1=" " ind2=" ">
    <subfield code="a">s-ec---</subfield>
  </datafield>
  <datafield tag="050" ind1="0" ind2="0">
    <subfield code="a">GB608.36</subfield>
    <subfield code="b">.C46 2019</subfield>
  </datafield>
  <datafield tag="082" ind1="0" ind2="0">
    <subfield code="a">986.6/43</subfield>
    <subfield code="2">23</subfield>
  </datafield>
  <datafield tag="100" ind1="1" ind2=" ">
    <subfield code="a">Chionetti, Alex,</subfield>
    <subfield code="e">author.</subfield>
  </datafield>
  <datafield tag="245" ind1="1" ind2="0">
    <subfield code="a">Mysteries of the Tayos caves :</subfield>
    <subfield code="b">the lost civilizations where the Andes meet the Amazon /</subfield>
    <subfield code="c">Alex Chionetti.</subfield>
  </datafield>
  <datafield tag="263" ind1=" " ind2=" ">
    <subfield code="a">1111</subfield>
  </datafield>
  <datafield tag="264" ind1=" " ind2="1">
    <subfield code="a">Rochester, Vermont :</subfield>
    <subfield code="b">Bear &amp; Company,</subfield>
    <subfield code="c">[2019]</subfield>
  </datafield>
  <datafield tag="300" ind1=" " ind2=" ">
    <subfield code="a">pages cm</subfield>
  </datafield>
  <datafield tag="336" ind1=" " ind2=" ">
    <subfield code="a">text</subfield>
    <subfield code="b">txt</subfield>
    <subfield code="2">rdacontent</subfield>
  </datafield>
  <datafield tag="337" ind1=" " ind2=" ">
    <subfield code="a">unmediated</subfield>
    <subfield code="b">n</subfield>
    <subfield code="2">rdamedia</subfield>
  </datafield>
  <datafield tag="338" ind1=" " ind2=" ">
    <subfield code="a">volume</subfield>
    <subfield code="b">nc</subfield>
    <subfield code="2">rdacarrier</subfield>
  </datafield>
  <datafield tag="504" ind1=" " ind2=" ">
    <subfield code="a">Includes bibliographical references and index.</subfield>
  </datafield>
  <datafield tag="505" ind1="0" ind2=" ">
    <subfield code="a">Prologue: To believe, or not to believe -- Green labyrinth -- The Ecuadorian jungle : the cradle of civilization -- Golden mysteries of the Andes -- The original discoveries of Juan Moricz -- The intra-terrestrial Atlanteans -- The Mormon expedition to the Tayos Cave (1968) -- Julio Goyén Aguado : a Basque mystery -- The gold of the gods -- Father Crespi&apos;s museum of the impossible -- Past stories, recent searches -- The war between researchers of the Tayos -- From Scotland with love : the parallel lives of Stanley Hall -- The impossible libraries -- The expedition to the Coangos River -- Psychic archeology and the Tayos mystery -- The curse of the Tayos Caves -- Epilogue: The Tayos manifesto.</subfield>
  </datafield>
  <datafield tag="520" ind1=" " ind2=" ">
    <subfield code="a">&quot;A detailed examination of the controversial expeditions to the Tayos Cave complex in Ecuador and the treasures glimpsed in its depths&quot;--</subfield>
    <subfield code="c">Provided by publisher.</subfield>
  </datafield>
  <datafield tag="651" ind1=" " ind2="0">
    <subfield code="a">Tayos Caves (Ecuador)</subfield>
  </datafield>
  <datafield tag="650" ind1=" " ind2="0">
    <subfield code="a">Shuar Indians</subfield>
    <subfield code="x">Antiquities.</subfield>
  </datafield>
  <datafield tag="651" ind1=" " ind2="0">
    <subfield code="a">Morona-Santiago (Ecuador)</subfield>
    <subfield code="x">Antiquities.</subfield>
  </datafield>
  <datafield tag="776" ind1="0" ind2="8">
    <subfield code="i">Online version:</subfield>
    <subfield code="a">Chionetti, Alex.</subfield>
    <subfield code="t">Mysteries of the Tayos Caves.</subfield>
    <subfield code="d">Rochester, Vermont :  Bear &amp; Company, [2019]</subfield>
    <subfield code="z">9781591433576</subfield>
    <subfield code="w">(DLC)  2019980674</subfield>
  </datafield>
  <datafield tag="985" ind1=" " ind2=" ">
    <subfield code="a">LBSORCIP</subfield>
    <subfield code="d">2019-07-22</subfield>
  </datafield>
</record>