
<record>
  <leader>01308cam a22003255i 4500</leader>
  <controlfield tag="001">21140693</controlfield>
  <controlfield tag="005">20200104122538.0</controlfield>
  <controlfield tag="008">190724s2018    mp            000 0 mon  </controlfield>
  <datafield tag="906" ind1=" " ind2=" ">
    <subfield code="a">0</subfield>
    <subfield code="b">ibc</subfield>
    <subfield code="c">origres</subfield>
    <subfield code="d">3</subfield>
    <subfield code="e">ncip</subfield>
    <subfield code="f">20</subfield>
    <subfield code="g">y-nonroman</subfield>
  </datafield>
  <datafield tag="925" ind1="0" ind2=" ">
    <subfield code="a">acquire</subfield>
    <subfield code="b">1 shelf copy</subfield>
    <subfield code="x">policy default</subfield>
  </datafield>
  <datafield tag="955" ind1=" " ind2=" ">
    <subfield code="a">ve19 2019-07-24 to LC</subfield>
    <subfield code="b">cm14 2020-01-04</subfield>
  </datafield>
  <datafield tag="010" ind1=" " ind2=" ">
    <subfield code="a">  2019382601</subfield>
  </datafield>
  <datafield tag="035" ind1=" " ind2=" ">
    <subfield code="a">(MN-UlGG)gg2019000324</subfield>
  </datafield>
  <datafield tag="040" ind1=" " ind2=" ">
    <subfield code="a">DLC</subfield>
    <subfield code="b">eng</subfield>
    <subfield code="e">rda</subfield>
    <subfield code="c">DLC</subfield>
  </datafield>
  <datafield tag="041" ind1="0" ind2=" ">
    <subfield code="a">mon</subfield>
  </datafield>
  <datafield tag="042" ind1=" " ind2=" ">
    <subfield code="a">pcc</subfield>
  </datafield>
  <datafield tag="066" ind1=" " ind2=" ">
    <subfield code="c">(N</subfield>
    <subfield code="c">(Q</subfield>
  </datafield>
  <datafield tag="100" ind1="0" ind2=" ">
    <subfield code="a">Altangėrėl, Bėkh-Ochiryn,</subfield>
    <subfield code="d">1942-</subfield>
    <subfield code="e">author.</subfield>
  </datafield>
  <datafield tag="242" ind1="0" ind2="0">
    <subfield code="a">My black velvet Horse.</subfield>
    <subfield code="y">eng</subfield>
  </datafield>
  <datafield tag="245" ind1="1" ind2="0">
    <subfield code="6">880-01</subfield>
    <subfield code="a">Miniĭ khilėn khar morʹ :</subfield>
    <subfield code="b">(Shu̇lėg, naĭraglal) /</subfield>
    <subfield code="c">Bėkh-Ochiryn Altangėrėl.</subfield>
  </datafield>
  <datafield tag="880" ind1="1" ind2="0">
    <subfield code="6">245-01/(N</subfield>
    <subfield code="a">Миний хилэн хар морь :</subfield>
    <subfield code="b">(Шүлэг, найраглал) /</subfield>
    <subfield code="c">Бэх-Очирын Алтангэрэл.</subfield>
  </datafield>
  <datafield tag="264" ind1=" " ind2="1">
    <subfield code="6">880-02</subfield>
    <subfield code="a">Ulaanbaatar :</subfield>
    <subfield code="b">Soëmbo printing,</subfield>
    <subfield code="c">2018.</subfield>
  </datafield>
  <datafield tag="880" ind1=" " ind2="1">
    <subfield code="6">264-02/(N</subfield>
    <subfield code="a">Улаанбаатар :</subfield>
    <subfield code="b">Соёмбо принтинг,</subfield>
    <subfield code="c">2018.</subfield>
  </datafield>
  <datafield tag="300" ind1=" " ind2=" ">
    <subfield code="a">288 pages ;</subfield>
    <subfield code="c">21 cm</subfield>
  </datafield>
  <datafield tag="336" ind1=" " ind2=" ">
    <subfield code="a">text</subfield>
    <subfield code="b">txt</subfield>
    <subfield code="2">rdacontent</subfield>
  </datafield>
  <datafield tag="337" ind1=" " ind2=" ">
    <subfield code="a">unmediated</subfield>
    <subfield code="b">n</subfield>
    <subfield code="2">rdamedia</subfield>
  </datafield>
  <datafield tag="338" ind1=" " ind2=" ">
    <subfield code="a">volume</subfield>
    <subfield code="b">nc</subfield>
    <subfield code="2">rdacarrier</subfield>
  </datafield>
  <datafield tag="546" ind1=" " ind2=" ">
    <subfield code="a">In Mongolian</subfield>
    <subfield code="b">(Cyrillic).</subfield>
  </datafield>
  <datafield tag="520" ind1=" " ind2=" ">
    <subfield code="a">Poems written by the Inner Mongolian poet.</subfield>
  </datafield>
  <datafield tag="923" ind1=" " ind2=" ">
    <subfield code="d">20190630</subfield>
    <subfield code="n">MON-19-11-General Books/19</subfield>
    <subfield code="s">MN-UlGG</subfield>
    <subfield code="p">$23.70</subfield>
  </datafield>
</record>