
<record>
  <leader>02455cas a2200505 i 4500</leader>
  <controlfield tag="001">21151829</controlfield>
  <controlfield tag="005">20200104075819.0</controlfield>
  <controlfield tag="006">m     o  d        </controlfield>
  <controlfield tag="007">cr cnu||||||||</controlfield>
  <controlfield tag="008">190826c19uu9999wvuar   o s  s0    0eng  </controlfield>
  <datafield tag="010" ind1=" " ind2=" ">
    <subfield code="a">  2019210296</subfield>
  </datafield>
  <datafield tag="035" ind1=" " ind2=" ">
    <subfield code="a">(OCoLC)on1113867072</subfield>
  </datafield>
  <datafield tag="040" ind1=" " ind2=" ">
    <subfield code="a">DLC</subfield>
    <subfield code="b">eng</subfield>
    <subfield code="e">rda</subfield>
    <subfield code="e">pn</subfield>
    <subfield code="c">DLC</subfield>
    <subfield code="d">DLC</subfield>
    <subfield code="d">OCLCF</subfield>
    <subfield code="d">DLC</subfield>
  </datafield>
  <datafield tag="042" ind1=" " ind2=" ">
    <subfield code="a">lccopycat</subfield>
  </datafield>
  <datafield tag="043" ind1=" " ind2=" ">
    <subfield code="a">n-us-wv</subfield>
  </datafield>
  <datafield tag="050" ind1="0" ind2="0">
    <subfield code="a">HE5633.W4</subfield>
  </datafield>
  <datafield tag="110" ind1="1" ind2=" ">
    <subfield code="a">West Virginia.</subfield>
    <subfield code="b">Division of Motor Vehicles.</subfield>
  </datafield>
  <datafield tag="245" ind1="1" ind2="0">
    <subfield code="a">Annual report /</subfield>
    <subfield code="c">State of West Virginia, Department of Transportation, Division of Motor Vehicles.</subfield>
  </datafield>
  <datafield tag="246" ind1="1" ind2=" ">
    <subfield code="a">DMV annual report</subfield>
  </datafield>
  <datafield tag="264" ind1=" " ind2="1">
    <subfield code="a">Charleston, West Virginia :</subfield>
    <subfield code="b">Division of Motor Vehicles</subfield>
  </datafield>
  <datafield tag="300" ind1=" " ind2=" ">
    <subfield code="a">1 online resource</subfield>
  </datafield>
  <datafield tag="310" ind1=" " ind2=" ">
    <subfield code="a">Annual</subfield>
  </datafield>
  <datafield tag="336" ind1=" " ind2=" ">
    <subfield code="a">text</subfield>
    <subfield code="b">txt</subfield>
    <subfield code="2">rdacontent</subfield>
  </datafield>
  <datafield tag="337" ind1=" " ind2=" ">
    <subfield code="a">computer</subfield>
    <subfield code="b">c</subfield>
    <subfield code="2">rdamedia</subfield>
  </datafield>
  <datafield tag="338" ind1=" " ind2=" ">
    <subfield code="a">online resource</subfield>
    <subfield code="b">cr</subfield>
    <subfield code="2">rdacarrier</subfield>
  </datafield>
  <datafield tag="588" ind1=" " ind2=" ">
    <subfield code="a">Description based on print version record.</subfield>
  </datafield>
  <datafield tag="588" ind1=" " ind2=" ">
    <subfield code="a">Latest issue consulted: 2018 (publisher&apos;s Web site, viewed August 13, 2019).</subfield>
  </datafield>
  <datafield tag="610" ind1="1" ind2="0">
    <subfield code="a">West Virginia.</subfield>
    <subfield code="b">Division of Motor Vehicles</subfield>
    <subfield code="v">Periodicals.</subfield>
  </datafield>
  <datafield tag="610" ind1="1" ind2="7">
    <subfield code="a">West Virginia.</subfield>
    <subfield code="b">Division of Motor Vehicles.</subfield>
    <subfield code="2">fast</subfield>
    <subfield code="0">(OCoLC)fst00748898</subfield>
  </datafield>
  <datafield tag="650" ind1=" " ind2="0">
    <subfield code="a">Transportation, Automotive</subfield>
    <subfield code="z">West Virginia</subfield>
    <subfield code="v">Periodicals.</subfield>
  </datafield>
  <datafield tag="650" ind1=" " ind2="7">
    <subfield code="a">Transportation, Automotive.</subfield>
    <subfield code="2">fast</subfield>
    <subfield code="0">(OCoLC)fst01155327</subfield>
  </datafield>
  <datafield tag="651" ind1=" " ind2="7">
    <subfield code="a">West Virginia.</subfield>
    <subfield code="2">fast</subfield>
    <subfield code="0">(OCoLC)fst01205316</subfield>
  </datafield>
  <datafield tag="655" ind1=" " ind2="7">
    <subfield code="a">Periodicals.</subfield>
    <subfield code="2">fast</subfield>
    <subfield code="0">(OCoLC)fst01411641</subfield>
  </datafield>
  <datafield tag="710" ind1="1" ind2=" ">
    <subfield code="a">West Virginia.</subfield>
    <subfield code="b">Department of Transportation.</subfield>
  </datafield>
  <datafield tag="776" ind1="0" ind2="8">
    <subfield code="i">Print version:</subfield>
    <subfield code="a">West Virginia. Division of Motor Vehicles.</subfield>
    <subfield code="t">Annual report</subfield>
    <subfield code="w">(DLC)   99102118</subfield>
    <subfield code="w">(OCoLC)38523262</subfield>
  </datafield>
  <datafield tag="850" ind1=" " ind2=" ">
    <subfield code="a">DLC</subfield>
  </datafield>
  <datafield tag="856" ind1="4" ind2="0">
    <subfield code="3">Library of Congress Web Archive, 2002- :</subfield>
    <subfield code="u">http://webarchive.loc.gov/all/2/https://transportation.wv.gov/business-manager/Finance/Pages/FinancialReports.aspx</subfield>
  </datafield>
  <datafield tag="859" ind1="4" ind2="0">
    <subfield code="3">Library of Congress Web Archive, 2002- :</subfield>
    <subfield code="u">http://webarchive.loc.gov/all/2/https://transportation.wv.gov/business-manager/Finance/Pages/FinancialReports.aspx</subfield>
  </datafield>
  <datafield tag="859" ind1="4" ind2="0">
    <subfield code="u">https://transportation.wv.gov/business-manager/Finance/Pages/FinancialReports.aspx</subfield>
  </datafield>
  <datafield tag="859" ind1="4" ind2="0">
    <subfield code="u">https://transportation.wv.gov/DMV/DMVFormSearch/DMV_Annual_Report_2018_web.pdf</subfield>
  </datafield>
  <datafield tag="859" ind1="4" ind2="0">
    <subfield code="u">https://transportation.wv.gov/dmv/pages/sitesearch.aspx?k=annual%20report</subfield>
  </datafield>
  <datafield tag="906" ind1=" " ind2=" ">
    <subfield code="a">7</subfield>
    <subfield code="b">cbc</subfield>
    <subfield code="c">serasst</subfield>
    <subfield code="d">3</subfield>
    <subfield code="e">ncip</subfield>
    <subfield code="f">20</subfield>
    <subfield code="g">n-oclcserc</subfield>
  </datafield>
  <datafield tag="925" ind1="0" ind2=" ">
    <subfield code="a">Acquire</subfield>
    <subfield code="b">etransfer</subfield>
    <subfield code="x">policy default 2019-08-26</subfield>
  </datafield>
  <datafield tag="955" ind1=" " ind2=" ">
    <subfield code="i">hk10 2019-08-26</subfield>
  </datafield>
  <datafield tag="985" ind1=" " ind2=" ">
    <subfield code="a">LC Online Resource</subfield>
    <subfield code="d">2020-1-2</subfield>
    <subfield code="e">etransfer</subfield>
  </datafield>
</record>