
<record>
  <leader>03201cam a2200529 i 4500</leader>
  <controlfield tag="001">21178773</controlfield>
  <controlfield tag="005">20200104135005.0</controlfield>
  <controlfield tag="008">190830s2019    it       b    101 0dita c</controlfield>
  <datafield tag="906" ind1=" " ind2=" ">
    <subfield code="a">7</subfield>
    <subfield code="b">cbc</subfield>
    <subfield code="c">pccadap</subfield>
    <subfield code="d">2</subfield>
    <subfield code="e">ncip</subfield>
    <subfield code="f">20</subfield>
    <subfield code="g">y-gencatlg</subfield>
  </datafield>
  <datafield tag="925" ind1="0" ind2=" ">
    <subfield code="a">acquire</subfield>
    <subfield code="b">1 shelf copy</subfield>
    <subfield code="x">policy default</subfield>
  </datafield>
  <datafield tag="955" ind1=" " ind2=" ">
    <subfield code="b">BD25 2019-08-30 z-processor</subfield>
    <subfield code="i">bd15 2019-10-09 to Dewey</subfield>
    <subfield code="w">xm06 2020-01-04</subfield>
  </datafield>
  <datafield tag="010" ind1=" " ind2=" ">
    <subfield code="a">  2019448075</subfield>
  </datafield>
  <datafield tag="020" ind1=" " ind2=" ">
    <subfield code="a">9782728313723</subfield>
  </datafield>
  <datafield tag="020" ind1=" " ind2=" ">
    <subfield code="a">2728313725</subfield>
  </datafield>
  <datafield tag="035" ind1=" " ind2=" ">
    <subfield code="a">(OCoLC)on1104194626</subfield>
  </datafield>
  <datafield tag="040" ind1=" " ind2=" ">
    <subfield code="a">NARDE</subfield>
    <subfield code="b">eng</subfield>
    <subfield code="c">NARDE</subfield>
    <subfield code="e">rda</subfield>
    <subfield code="d">OHX</subfield>
    <subfield code="d">AUXAM</subfield>
    <subfield code="d">INU</subfield>
    <subfield code="d">OCLCF</subfield>
    <subfield code="d">MUU</subfield>
    <subfield code="d">ERASP</subfield>
    <subfield code="d">C3L</subfield>
    <subfield code="d">CHVBK</subfield>
    <subfield code="d">OCLCO</subfield>
    <subfield code="d">DLC</subfield>
  </datafield>
  <datafield tag="042" ind1=" " ind2=" ">
    <subfield code="a">pcc</subfield>
  </datafield>
  <datafield tag="043" ind1=" " ind2=" ">
    <subfield code="a">e-it---</subfield>
  </datafield>
  <datafield tag="050" ind1="0" ind2="0">
    <subfield code="a">HC307.L65</subfield>
    <subfield code="b">C66 2019</subfield>
  </datafield>
  <datafield tag="082" ind1="0" ind2="0">
    <subfield code="a">330.945/205</subfield>
    <subfield code="2">23</subfield>
  </datafield>
  <datafield tag="245" ind1="0" ind2="3">
    <subfield code="a">La congiuntura del primo Trecento in Lombardia (1290-1360) /</subfield>
    <subfield code="c">a cura di Paolo Grillo e François Menant.</subfield>
  </datafield>
  <datafield tag="264" ind1=" " ind2="1">
    <subfield code="a">[Roma] :</subfield>
    <subfield code="b">École française de Rome,</subfield>
    <subfield code="c">2019.</subfield>
  </datafield>
  <datafield tag="300" ind1=" " ind2=" ">
    <subfield code="a">277 pages  ;</subfield>
    <subfield code="c">24 cm.</subfield>
  </datafield>
  <datafield tag="336" ind1=" " ind2=" ">
    <subfield code="a">text</subfield>
    <subfield code="b">txt</subfield>
    <subfield code="2">rdacontent</subfield>
  </datafield>
  <datafield tag="337" ind1=" " ind2=" ">
    <subfield code="a">unmediated</subfield>
    <subfield code="b">n</subfield>
    <subfield code="2">rdamedia</subfield>
  </datafield>
  <datafield tag="338" ind1=" " ind2=" ">
    <subfield code="a">volume</subfield>
    <subfield code="b">nc</subfield>
    <subfield code="2">rdacarrier</subfield>
  </datafield>
  <datafield tag="490" ind1="1" ind2=" ">
    <subfield code="a">Collection de l&apos;École française de Rome ;</subfield>
    <subfield code="v">555</subfield>
  </datafield>
  <datafield tag="500" ind1=" " ind2=" ">
    <subfield code="a">Papers from conferences held June 29, 2015 in Bergamo, Italy, February 2016 in Paris, and October 20-21, 2016 in Milan, Italy.</subfield>
  </datafield>
  <datafield tag="504" ind1=" " ind2=" ">
    <subfield code="a">Includes bibliographical references and index.</subfield>
  </datafield>
  <datafield tag="505" ind1="0" ind2=" ">
    <subfield code="a">Introduzione / Paolo Grillo -- Finanza e fiscalità nella prima metà del Trecento / Patrizia Mainoni -- La monetazione lombarda dalla fine del Duecento al 1378 / Lucia Travaini -- &quot;Pace, pace, morte ai dazi e alle gabelle&quot; : Il peso della guerra nella Lombardia del primo Trecento / Paolo Grillo -- Corporazioni e mutamenti produttivi in Lombardia (XIII-primi XIV secolo) / Beatrice Del Bo -- Commercio e banca in Lombardia dal secondo Duecento alla fine del Trecento: una proposta interpretiva / Sergio Tognetti -- Il mercato internazionale dei panni e le industrie tessili lombarde nel Trecento / Alma Poloni -- Il credito rurale / François Menant -- Carestie in area lombarda tra fine Duecento e metà Trecento: uno sguardo attraverso le cronache coeve / Giuliana Albini -- Le campagne lombarde nel primo Trecento. Rilettura di un caso &quot;eccezionale&quot; / Laura Bertoni -- I villaggi abbandonati in Lombardia nella prima metà dle Trecento: oggettività e percezione di una dinamica insediativa / Riccardo Rao -- Conclusioni / Paolo Grillo e François Menant.</subfield>
  </datafield>
  <datafield tag="651" ind1=" " ind2="0">
    <subfield code="a">Lombardy (Italy)</subfield>
    <subfield code="x">Economic conditions.</subfield>
  </datafield>
  <datafield tag="651" ind1=" " ind2="0">
    <subfield code="a">Lombardy (Italy)</subfield>
    <subfield code="x">Commerce</subfield>
    <subfield code="x">History</subfield>
    <subfield code="y">To 1500.</subfield>
  </datafield>
  <datafield tag="651" ind1=" " ind2="0">
    <subfield code="a">Lombardy (Italy)</subfield>
    <subfield code="x">History</subfield>
    <subfield code="y">To 1535.</subfield>
  </datafield>
  <datafield tag="650" ind1=" " ind2="7">
    <subfield code="a">Commerce.</subfield>
    <subfield code="2">fast</subfield>
    <subfield code="0">(OCoLC)fst00869279</subfield>
  </datafield>
  <datafield tag="650" ind1=" " ind2="7">
    <subfield code="a">Economic history.</subfield>
    <subfield code="2">fast</subfield>
    <subfield code="0">(OCoLC)fst00901974</subfield>
  </datafield>
  <datafield tag="651" ind1=" " ind2="7">
    <subfield code="a">Italy</subfield>
    <subfield code="z">Lombardy.</subfield>
    <subfield code="2">fast</subfield>
    <subfield code="0">(OCoLC)fst01213473</subfield>
  </datafield>
  <datafield tag="648" ind1=" " ind2="7">
    <subfield code="a">To 1535</subfield>
    <subfield code="2">fast</subfield>
  </datafield>
  <datafield tag="655" ind1=" " ind2="7">
    <subfield code="a">History.</subfield>
    <subfield code="2">fast</subfield>
    <subfield code="0">(OCoLC)fst01411628</subfield>
  </datafield>
  <datafield tag="650" ind1=" " ind2="7">
    <subfield code="a">Konjunktur</subfield>
    <subfield code="2">gnd</subfield>
  </datafield>
  <datafield tag="650" ind1=" " ind2="7">
    <subfield code="a">Wirtschaft</subfield>
    <subfield code="2">gnd</subfield>
  </datafield>
  <datafield tag="650" ind1=" " ind2="7">
    <subfield code="a">Wirtschaftliche Lage</subfield>
    <subfield code="2">gnd</subfield>
  </datafield>
  <datafield tag="651" ind1=" " ind2="7">
    <subfield code="a">Lombardei</subfield>
    <subfield code="2">gnd</subfield>
  </datafield>
  <datafield tag="653" ind1="1" ind2=" ">
    <subfield code="a">Ancient and medieval history</subfield>
    <subfield code="a">Italian Peninsula &amp; adjacent islands</subfield>
  </datafield>
  <datafield tag="700" ind1="1" ind2=" ">
    <subfield code="a">Grillo, Paolo,</subfield>
    <subfield code="e">editor.</subfield>
  </datafield>
  <datafield tag="700" ind1="1" ind2=" ">
    <subfield code="a">Menant, François,</subfield>
    <subfield code="d">1948-</subfield>
    <subfield code="e">editor.</subfield>
  </datafield>
  <datafield tag="830" ind1=" " ind2="0">
    <subfield code="a">Collection de l&apos;École française de Rome ;</subfield>
    <subfield code="v">555.</subfield>
  </datafield>
  <datafield tag="923" ind1=" " ind2=" ">
    <subfield code="d">20190819</subfield>
    <subfield code="n">19-30657</subfield>
    <subfield code="s">Casalini</subfield>
  </datafield>
</record>